,CustomerContinent,ProductCategory,dateOfPurchase,TotalQuantity,TotalRevenue
0,Africa,Automotive,2016-01,1.0,961.27
1,Africa,Automotive,2016-02,22.0,6736.86
2,Africa,Automotive,2016-03,10.0,6633.200000000001
3,Africa,Automotive,2016-04,23.0,10619.63
4,Africa,Automotive,2016-05,18.0,8175.080000000001
5,Africa,Automotive,2016-06,9.0,6512.58
6,Africa,Automotive,2016-09,13.0,4185.09
7,Africa,Automotive,2016-10,6.0,264.96
8,Africa,Automotive,2016-11,18.0,7119.24
9,Africa,Automotive,2016-12,27.0,10511.560000000001
10,Africa,Automotive,2017-01,10.0,3734.3999999999996
11,Africa,Automotive,2017-02,39.0,12173.57
12,Africa,Automotive,2017-03,8.0,902.52
13,Africa,Automotive,2017-04,16.0,11343.45
14,Africa,Automotive,2017-05,13.0,5098.370000000001
15,Africa,Automotive,2017-06,8.0,3659.08
16,Africa,Automotive,2017-07,29.0,8558.8
17,Africa,Automotive,2017-08,16.0,785.8
18,Africa,Automotive,2017-09,15.0,9235.0
19,Africa,Automotive,2017-10,16.0,2264.52
20,Africa,Automotive,2017-12,13.0,6571.42
21,Africa,Automotive,2018-01,9.0,1231.23
22,Africa,Automotive,2018-02,8.0,4884.48
23,Africa,Automotive,2018-03,12.0,4216.46
24,Africa,Automotive,2018-04,10.0,3504.6
25,Africa,Automotive,2018-05,25.0,16170.56
26,Africa,Automotive,2018-06,5.0,2244.2
27,Africa,Automotive,2018-07,9.0,5716.299999999999
28,Africa,Automotive,2018-08,18.0,13554.62
29,Africa,Automotive,2018-09,9.0,3605.1299999999997
30,Africa,Automotive,2018-10,18.0,9995.849999999999
31,Africa,Automotive,2018-11,14.0,11804.46
32,Africa,Automotive,2018-12,7.0,5203.8
33,Africa,Automotive,2019-01,3.0,2262.69
34,Africa,Automotive,2019-02,11.0,7667.67
35,Africa,Automotive,2019-03,49.0,26881.05
36,Africa,Automotive,2019-04,20.0,15699.489999999998
37,Africa,Automotive,2019-05,19.0,10007.8
38,Africa,Automotive,2019-06,21.0,15715.18
39,Africa,Automotive,2019-07,13.0,7683.49
40,Africa,Automotive,2019-08,48.0,28240.2
41,Africa,Automotive,2019-09,32.0,12945.269999999999
42,Africa,Automotive,2019-10,15.0,11951.369999999999
43,Africa,Automotive,2019-12,5.0,3540.5
44,Africa,Automotive,2020-01,11.0,4073.96
45,Africa,Automotive,2020-02,7.0,4472.37
46,Africa,Automotive,2020-03,10.0,7273.07
47,Africa,Automotive,2020-04,18.0,9143.16
48,Africa,Automotive,2020-05,14.0,4379.9
49,Africa,Automotive,2020-06,7.0,5783.82
50,Africa,Automotive,2020-07,34.0,6836.0199999999995
51,Africa,Automotive,2020-08,11.0,6232.86
52,Africa,Automotive,2020-09,14.0,7594.85
53,Africa,Automotive,2020-10,15.0,3085.8300000000004
54,Africa,Automotive,2020-11,14.0,6208.959999999999
55,Africa,Automotive,2020-12,18.0,8470.33
56,Africa,Automotive,2016-07,,
57,Africa,Automotive,2016-08,,
58,Africa,Automotive,2017-11,,
59,Africa,Automotive,2019-11,,
60,Africa,Baby,2016-01,28.0,7921.629999999999
61,Africa,Baby,2016-02,37.0,14261.16
62,Africa,Baby,2016-03,39.0,23021.46
63,Africa,Baby,2016-04,6.0,190.07999999999998
64,Africa,Baby,2016-05,3.0,1415.88
65,Africa,Baby,2016-06,19.0,7291.74
66,Africa,Baby,2016-09,24.0,12862.7
67,Africa,Baby,2016-10,7.0,5567.9400000000005
68,Africa,Baby,2016-11,6.0,3463.8599999999997
69,Africa,Baby,2016-12,9.0,5511.22
70,Africa,Baby,2017-01,20.0,9027.42
71,Africa,Baby,2017-02,39.0,21594.42
72,Africa,Baby,2017-03,14.0,10671.77
73,Africa,Baby,2017-04,19.0,7070.31
74,Africa,Baby,2017-05,3.0,1094.94
75,Africa,Baby,2017-06,21.0,11368.14
76,Africa,Baby,2017-07,3.0,900.5999999999999
77,Africa,Baby,2017-08,11.0,6136.58
78,Africa,Baby,2017-09,30.0,18660.72
79,Africa,Baby,2017-10,19.0,12245.630000000001
80,Africa,Baby,2017-12,29.0,18041.54
81,Africa,Baby,2018-01,9.0,3177.54
82,Africa,Baby,2018-02,16.0,10827.240000000002
83,Africa,Baby,2018-03,9.0,1728.7199999999998
84,Africa,Baby,2018-04,6.0,3461.7599999999998
85,Africa,Baby,2018-05,29.0,14976.099999999999
86,Africa,Baby,2018-06,9.0,6258.57
87,Africa,Baby,2018-07,22.0,14002.809999999998
88,Africa,Baby,2018-08,,
89,Africa,Baby,2018-09,14.0,7093.37
90,Africa,Baby,2018-10,,
91,Africa,Baby,2018-11,29.0,9192.33
92,Africa,Baby,2018-12,38.0,9566.15
93,Africa,Baby,2019-01,1.0,838.0799999999999
94,Africa,Baby,2019-02,12.0,9853.279999999999
95,Africa,Baby,2019-03,,
96,Africa,Baby,2019-04,9.0,2778.75
97,Africa,Baby,2019-05,26.0,12813.06
98,Africa,Baby,2019-06,40.0,26339.1
99,Africa,Baby,2019-07,10.0,7008.349999999999
100,Africa,Baby,2019-08,13.0,4166.099999999999
101,Africa,Baby,2019-09,4.0,1915.0
102,Africa,Baby,2019-10,16.0,7004.6
103,Africa,Baby,2019-12,14.0,8371.17
104,Africa,Baby,2020-01,3.0,1569.75
105,Africa,Baby,2020-02,24.0,17633.28
106,Africa,Baby,2020-03,21.0,7634.54
107,Africa,Baby,2020-04,27.0,18003.03
108,Africa,Baby,2020-05,14.0,6552.59
109,Africa,Baby,2020-06,3.0,2883.87
110,Africa,Baby,2020-07,7.0,2134.4399999999996
111,Africa,Baby,2020-08,10.0,3885.05
112,Africa,Baby,2020-09,3.0,1779.96
113,Africa,Baby,2020-10,,
114,Africa,Baby,2020-11,18.0,2503.01
115,Africa,Baby,2020-12,17.0,6667.82
116,Africa,Baby,2016-07,4.0,1859.62
117,Africa,Baby,2016-08,32.0,12001.589999999998
118,Africa,Baby,2017-11,7.0,5085.88
119,Africa,Baby,2019-11,6.0,4441.68
120,Africa,Beauty,2016-01,5.0,1852.3
121,Africa,Beauty,2016-02,1.0,576.9
122,Africa,Beauty,2016-03,33.0,20318.41
123,Africa,Beauty,2016-04,36.0,26408.97
124,Africa,Beauty,2016-05,9.0,2837.88
125,Africa,Beauty,2016-06,13.0,9021.15
126,Africa,Beauty,2016-09,,
127,Africa,Beauty,2016-10,34.0,19258.73
128,Africa,Beauty,2016-11,7.0,1826.51
129,Africa,Beauty,2016-12,5.0,768.95
130,Africa,Beauty,2017-01,39.0,14365.62
131,Africa,Beauty,2017-02,,
132,Africa,Beauty,2017-03,14.0,7136.25
133,Africa,Beauty,2017-04,8.0,4756.88
134,Africa,Beauty,2017-05,3.0,1490.5800000000002
135,Africa,Beauty,2017-06,2.0,660.6
136,Africa,Beauty,2017-07,5.0,2035.1
137,Africa,Beauty,2017-08,11.0,7389.349999999999
138,Africa,Beauty,2017-09,28.0,5680.21
139,Africa,Beauty,2017-10,22.0,8861.12
140,Africa,Beauty,2017-12,3.0,2561.28
141,Africa,Beauty,2018-01,17.0,10885.77
142,Africa,Beauty,2018-02,9.0,2269.7999999999997
143,Africa,Beauty,2018-03,10.0,8218.16
144,Africa,Beauty,2018-04,21.0,10771.109999999999
145,Africa,Beauty,2018-05,27.0,8723.82
146,Africa,Beauty,2018-06,,
147,Africa,Beauty,2018-07,14.0,7621.32
148,Africa,Beauty,2018-08,3.0,1404.36
149,Africa,Beauty,2018-09,3.0,1026.0
150,Africa,Beauty,2018-10,28.0,12294.779999999999
151,Africa,Beauty,2018-11,11.0,3538.7799999999997
152,Africa,Beauty,2018-12,3.0,2378.46
153,Africa,Beauty,2019-01,7.0,4508.4800000000005
154,Africa,Beauty,2019-02,6.0,3168.0
155,Africa,Beauty,2019-03,5.0,1851.8
156,Africa,Beauty,2019-04,16.0,3785.46
157,Africa,Beauty,2019-05,25.0,6683.0599999999995
158,Africa,Beauty,2019-06,22.0,16167.41
159,Africa,Beauty,2019-07,15.0,9944.1
160,Africa,Beauty,2019-08,15.0,4805.71
161,Africa,Beauty,2019-09,13.0,3663.96
162,Africa,Beauty,2019-10,8.0,3117.3599999999997
163,Africa,Beauty,2019-12,6.0,938.4000000000001
164,Africa,Beauty,2020-01,13.0,5406.3
165,Africa,Beauty,2020-02,15.0,10114.65
166,Africa,Beauty,2020-03,13.0,6230.32
167,Africa,Beauty,2020-04,7.0,3601.7200000000003
168,Africa,Beauty,2020-05,16.0,8411.58
169,Africa,Beauty,2020-06,32.0,18311.199999999997
170,Africa,Beauty,2020-07,16.0,5867.58
171,Africa,Beauty,2020-08,29.0,11218.73
172,Africa,Beauty,2020-09,,
173,Africa,Beauty,2020-10,12.0,8759.48
174,Africa,Beauty,2020-11,13.0,9879.12
175,Africa,Beauty,2020-12,15.0,6193.23
176,Africa,Beauty,2016-07,9.0,3440.01
177,Africa,Beauty,2016-08,24.0,11007.02
178,Africa,Beauty,2017-11,32.0,15554.76
179,Africa,Beauty,2019-11,42.0,20068.35
180,Africa,Books,2016-01,8.0,3525.58
181,Africa,Books,2016-02,18.0,9349.35
182,Africa,Books,2016-03,7.0,2800.71
183,Africa,Books,2016-04,29.0,16601.91
184,Africa,Books,2016-05,,
185,Africa,Books,2016-06,13.0,5211.84
186,Africa,Books,2016-09,19.0,12331.32
187,Africa,Books,2016-10,13.0,5610.12
188,Africa,Books,2016-11,16.0,7427.66
189,Africa,Books,2016-12,,
190,Africa,Books,2017-01,14.0,6080.74
191,Africa,Books,2017-02,17.0,8918.460000000001
192,Africa,Books,2017-03,10.0,6734.0
193,Africa,Books,2017-04,43.0,26617.62
194,Africa,Books,2017-05,26.0,8526.64
195,Africa,Books,2017-06,13.0,4555.18
196,Africa,Books,2017-07,9.0,3247.56
197,Africa,Books,2017-08,26.0,14259.84
198,Africa,Books,2017-09,33.0,22951.559999999998
199,Africa,Books,2017-10,,
200,Africa,Books,2017-12,10.0,771.9
201,Africa,Books,2018-01,33.0,6185.58
202,Africa,Books,2018-02,19.0,8812.529999999999
203,Africa,Books,2018-03,31.0,16605.09
204,Africa,Books,2018-04,10.0,6392.08
205,Africa,Books,2018-05,18.0,8383.199999999999
206,Africa,Books,2018-06,25.0,11770.8
207,Africa,Books,2018-07,,
208,Africa,Books,2018-08,8.0,2368.34
209,Africa,Books,2018-09,1.0,841.5
210,Africa,Books,2018-10,26.0,17055.04
211,Africa,Books,2018-11,14.0,9526.8
212,Africa,Books,2018-12,9.0,1398.46
213,Africa,Books,2019-01,14.0,2376.72
214,Africa,Books,2019-02,35.0,11408.17
215,Africa,Books,2019-03,8.0,3840.0
216,Africa,Books,2019-04,19.0,3215.0
217,Africa,Books,2019-05,14.0,4104.68
218,Africa,Books,2019-06,22.0,12954.32
219,Africa,Books,2019-07,12.0,6032.889999999999
220,Africa,Books,2019-08,6.0,2655.9799999999996
221,Africa,Books,2019-09,20.0,2091.96
222,Africa,Books,2019-10,13.0,4881.1900000000005
223,Africa,Books,2019-12,41.0,17548.01
224,Africa,Books,2020-01,1.0,214.37
225,Africa,Books,2020-02,9.0,7231.7
226,Africa,Books,2020-03,5.0,4071.0
227,Africa,Books,2020-04,6.0,781.1999999999999
228,Africa,Books,2020-05,12.0,10692.050000000001
229,Africa,Books,2020-06,11.0,1103.88
230,Africa,Books,2020-07,18.0,5668.799999999999
231,Africa,Books,2020-08,10.0,5391.0
232,Africa,Books,2020-09,3.0,2046.33
233,Africa,Books,2020-10,21.0,15944.98
234,Africa,Books,2020-11,19.0,2615.04
235,Africa,Books,2020-12,24.0,15502.15
236,Africa,Books,2016-07,,
237,Africa,Books,2016-08,8.0,3547.76
238,Africa,Books,2017-11,13.0,5029.32
239,Africa,Books,2019-11,41.0,26340.63
240,Africa,Clothing,2016-01,9.0,4870.88
241,Africa,Clothing,2016-02,,
242,Africa,Clothing,2016-03,18.0,14876.599999999999
243,Africa,Clothing,2016-04,32.0,13201.42
244,Africa,Clothing,2016-05,23.0,6857.48
245,Africa,Clothing,2016-06,17.0,9422.24
246,Africa,Clothing,2016-09,11.0,8335.08
247,Africa,Clothing,2016-10,17.0,8051.73
248,Africa,Clothing,2016-11,12.0,7002.32
249,Africa,Clothing,2016-12,6.0,2822.4
250,Africa,Clothing,2017-01,10.0,5207.2
251,Africa,Clothing,2017-02,17.0,7905.860000000001
252,Africa,Clothing,2017-03,9.0,4037.7000000000003
253,Africa,Clothing,2017-04,4.0,426.8
254,Africa,Clothing,2017-05,11.0,6996.15
255,Africa,Clothing,2017-06,4.0,1443.84
256,Africa,Clothing,2017-07,14.0,2059.52
257,Africa,Clothing,2017-08,5.0,1185.75
258,Africa,Clothing,2017-09,26.0,13786.52
259,Africa,Clothing,2017-10,29.0,22345.989999999998
260,Africa,Clothing,2017-12,5.0,2915.55
261,Africa,Clothing,2018-01,34.0,16388.58
262,Africa,Clothing,2018-02,23.0,7696.179999999999
263,Africa,Clothing,2018-03,6.0,2348.4
264,Africa,Clothing,2018-04,10.0,4869.2
265,Africa,Clothing,2018-05,1.0,744.9599999999999
266,Africa,Clothing,2018-06,26.0,18932.31
267,Africa,Clothing,2018-07,9.0,6629.82
268,Africa,Clothing,2018-08,16.0,1045.6899999999998
269,Africa,Clothing,2018-09,10.0,7840.53
270,Africa,Clothing,2018-10,11.0,2146.31
271,Africa,Clothing,2018-11,16.0,8122.59
272,Africa,Clothing,2018-12,12.0,4001.6
273,Africa,Clothing,2019-01,6.0,773.72
274,Africa,Clothing,2019-02,17.0,4118.139999999999
275,Africa,Clothing,2019-03,9.0,3287.1600000000003
276,Africa,Clothing,2019-04,53.0,16301.18
277,Africa,Clothing,2019-05,1.0,766.3
278,Africa,Clothing,2019-06,29.0,11827.92
279,Africa,Clothing,2019-07,13.0,3322.1399999999994
280,Africa,Clothing,2019-08,17.0,3046.92
281,Africa,Clothing,2019-09,4.0,1153.18
282,Africa,Clothing,2019-10,43.0,24611.93
283,Africa,Clothing,2019-12,7.0,1702.3999999999999
284,Africa,Clothing,2020-01,2.0,855.6
285,Africa,Clothing,2020-02,33.0,13959.61
286,Africa,Clothing,2020-03,33.0,19745.58
287,Africa,Clothing,2020-04,12.0,7947.24
288,Africa,Clothing,2020-05,13.0,8720.5
289,Africa,Clothing,2020-06,12.0,6443.9400000000005
290,Africa,Clothing,2020-07,4.0,769.1700000000001
291,Africa,Clothing,2020-08,28.0,9765.900000000001
292,Africa,Clothing,2020-09,30.0,18962.78
293,Africa,Clothing,2020-10,31.0,23118.09
294,Africa,Clothing,2020-11,9.0,6729.48
295,Africa,Clothing,2020-12,,
296,Africa,Clothing,2016-07,22.0,12030.119999999999
297,Africa,Clothing,2016-08,1.0,374.21999999999997
298,Africa,Clothing,2017-11,38.0,15779.27
299,Africa,Clothing,2019-11,29.0,22721.4
300,Africa,Computers,2016-01,8.0,5817.6
301,Africa,Computers,2016-02,26.0,13428.88
302,Africa,Computers,2016-03,6.0,2419.56
303,Africa,Computers,2016-04,51.0,15672.93
304,Africa,Computers,2016-05,26.0,12775.76
305,Africa,Computers,2016-06,18.0,1935.03
306,Africa,Computers,2016-09,18.0,4939.2
307,Africa,Computers,2016-10,9.0,6870.58
308,Africa,Computers,2016-11,33.0,18556.02
309,Africa,Computers,2016-12,15.0,10566.699999999999
310,Africa,Computers,2017-01,31.0,20373.37
311,Africa,Computers,2017-02,20.0,8679.029999999999
312,Africa,Computers,2017-03,16.0,9390.18
313,Africa,Computers,2017-04,19.0,10361.400000000001
314,Africa,Computers,2017-05,1.0,609.96
315,Africa,Computers,2017-06,5.0,3086.64
316,Africa,Computers,2017-07,19.0,9041.76
317,Africa,Computers,2017-08,20.0,8857.2
318,Africa,Computers,2017-09,,
319,Africa,Computers,2017-10,22.0,8343.96
320,Africa,Computers,2017-12,18.0,1886.31
321,Africa,Computers,2018-01,19.0,3632.6300000000006
322,Africa,Computers,2018-02,14.0,8694.279999999999
323,Africa,Computers,2018-03,18.0,5180.07
324,Africa,Computers,2018-04,24.0,10887.95
325,Africa,Computers,2018-05,14.0,7355.33
326,Africa,Computers,2018-06,34.0,13521.69
327,Africa,Computers,2018-07,7.0,859.3199999999999
328,Africa,Computers,2018-08,21.0,10670.97
329,Africa,Computers,2018-09,21.0,15929.88
330,Africa,Computers,2018-10,8.0,5438.639999999999
331,Africa,Computers,2018-11,14.0,2078.37
332,Africa,Computers,2018-12,23.0,14995.77
333,Africa,Computers,2019-01,5.0,1970.9099999999999
334,Africa,Computers,2019-02,,
335,Africa,Computers,2019-03,44.0,27039.16
336,Africa,Computers,2019-04,21.0,15467.57
337,Africa,Computers,2019-05,21.0,11523.130000000001
338,Africa,Computers,2019-06,32.0,14833.28
339,Africa,Computers,2019-07,,
340,Africa,Computers,2019-08,11.0,1971.9
341,Africa,Computers,2019-09,31.0,12537.05
342,Africa,Computers,2019-10,10.0,5013.349999999999
343,Africa,Computers,2019-12,8.0,1645.1999999999998
344,Africa,Computers,2020-01,4.0,890.88
345,Africa,Computers,2020-02,25.0,14922.98
346,Africa,Computers,2020-03,10.0,2220.5499999999997
347,Africa,Computers,2020-04,8.0,1557.6599999999999
348,Africa,Computers,2020-05,10.0,1969.1
349,Africa,Computers,2020-06,7.0,3499.65
350,Africa,Computers,2020-07,2.0,1699.52
351,Africa,Computers,2020-08,11.0,5564.88
352,Africa,Computers,2020-09,12.0,6835.31
353,Africa,Computers,2020-10,2.0,576.94
354,Africa,Computers,2020-11,25.0,12642.9
355,Africa,Computers,2020-12,,
356,Africa,Computers,2016-07,45.0,24124.41
357,Africa,Computers,2016-08,13.0,2821.6
358,Africa,Computers,2017-11,11.0,7234.99
359,Africa,Computers,2019-11,22.0,11717.25
360,Africa,Electronics,2016-01,13.0,9378.66
361,Africa,Electronics,2016-02,12.0,6489.01
362,Africa,Electronics,2016-03,15.0,11602.71
363,Africa,Electronics,2016-04,13.0,8879.08
364,Africa,Electronics,2016-05,23.0,12790.99
365,Africa,Electronics,2016-06,33.0,13515.63
366,Africa,Electronics,2016-09,14.0,7649.58
367,Africa,Electronics,2016-10,2.0,1113.28
368,Africa,Electronics,2016-11,19.0,8299.66
369,Africa,Electronics,2016-12,18.0,10699.29
370,Africa,Electronics,2017-01,,
371,Africa,Electronics,2017-02,36.0,27922.48
372,Africa,Electronics,2017-03,20.0,8241.52
373,Africa,Electronics,2017-04,33.0,11050.99
374,Africa,Electronics,2017-05,9.0,3374.48
375,Africa,Electronics,2017-06,22.0,15589.56
376,Africa,Electronics,2017-07,23.0,11021.32
377,Africa,Electronics,2017-08,46.0,28729.72
378,Africa,Electronics,2017-09,29.0,14954.689999999999
379,Africa,Electronics,2017-10,28.0,15332.62
380,Africa,Electronics,2017-12,27.0,10005.17
381,Africa,Electronics,2018-01,,
382,Africa,Electronics,2018-02,32.0,16452.2
383,Africa,Electronics,2018-03,25.0,7898.15
384,Africa,Electronics,2018-04,29.0,8592.06
385,Africa,Electronics,2018-05,15.0,6348.24
386,Africa,Electronics,2018-06,2.0,1324.8
387,Africa,Electronics,2018-07,21.0,7606.86
388,Africa,Electronics,2018-08,6.0,2943.2
389,Africa,Electronics,2018-09,17.0,11239.689999999999
390,Africa,Electronics,2018-10,10.0,1556.6999999999998
391,Africa,Electronics,2018-11,12.0,5014.94
392,Africa,Electronics,2018-12,23.0,10442.38
393,Africa,Electronics,2019-01,16.0,11807.119999999999
394,Africa,Electronics,2019-02,6.0,1765.8
395,Africa,Electronics,2019-03,10.0,1856.4
396,Africa,Electronics,2019-04,10.0,958.8
397,Africa,Electronics,2019-05,35.0,15790.119999999999
398,Africa,Electronics,2019-06,8.0,2030.7399999999998
399,Africa,Electronics,2019-07,13.0,2400.58
400,Africa,Electronics,2019-08,8.0,6700.92
401,Africa,Electronics,2019-09,28.0,15629.34
402,Africa,Electronics,2019-10,38.0,19859.76
403,Africa,Electronics,2019-12,9.0,1905.52
404,Africa,Electronics,2020-01,7.0,4868.64
405,Africa,Electronics,2020-02,16.0,4677.599999999999
406,Africa,Electronics,2020-03,12.0,2222.7799999999997
407,Africa,Electronics,2020-04,8.0,5791.679999999999
408,Africa,Electronics,2020-05,18.0,13913.189999999999
409,Africa,Electronics,2020-06,24.0,11905.119999999999
410,Africa,Electronics,2020-07,8.0,5014.6
411,Africa,Electronics,2020-08,7.0,4843.16
412,Africa,Electronics,2020-09,3.0,2.79
413,Africa,Electronics,2020-10,22.0,15891.560000000001
414,Africa,Electronics,2020-11,14.0,7708.38
415,Africa,Electronics,2020-12,9.0,526.5
416,Africa,Electronics,2016-07,39.0,25300.94
417,Africa,Electronics,2016-08,16.0,12013.74
418,Africa,Electronics,2017-11,4.0,1080.9
419,Africa,Electronics,2019-11,10.0,4375.299999999999
420,Africa,Games,2016-01,9.0,6150.6900000000005
421,Africa,Games,2016-02,15.0,12979.399999999998
422,Africa,Games,2016-03,10.0,1996.4
423,Africa,Games,2016-04,16.0,9548.72
424,Africa,Games,2016-05,36.0,13246.98
425,Africa,Games,2016-06,5.0,1547.1499999999999
426,Africa,Games,2016-09,25.0,8455.2
427,Africa,Games,2016-10,29.0,17002.04
428,Africa,Games,2016-11,14.0,3950.1
429,Africa,Games,2016-12,16.0,3254.32
430,Africa,Games,2017-01,33.0,14206.56
431,Africa,Games,2017-02,3.0,1514.7
432,Africa,Games,2017-03,22.0,5633.44
433,Africa,Games,2017-04,13.0,2723.9
434,Africa,Games,2017-05,8.0,7682.4
435,Africa,Games,2017-06,6.0,200.88
436,Africa,Games,2017-07,45.0,30253.57
437,Africa,Games,2017-08,,
438,Africa,Games,2017-09,12.0,5454.96
439,Africa,Games,2017-10,33.0,16934.55
440,Africa,Games,2017-12,10.0,2328.0
441,Africa,Games,2018-01,18.0,8703.66
442,Africa,Games,2018-02,,
443,Africa,Games,2018-03,24.0,9128.699999999999
444,Africa,Games,2018-04,9.0,945.1200000000001
445,Africa,Games,2018-05,31.0,16977.28
446,Africa,Games,2018-06,8.0,4546.84
447,Africa,Games,2018-07,11.0,5741.9
448,Africa,Games,2018-08,15.0,6249.75
449,Africa,Games,2018-09,20.0,7955.5199999999995
450,Africa,Games,2018-10,14.0,3390.33
451,Africa,Games,2018-11,12.0,4901.28
452,Africa,Games,2018-12,8.0,6380.58
453,Africa,Games,2019-01,16.0,8519.96
454,Africa,Games,2019-02,17.0,6136.2
455,Africa,Games,2019-03,12.0,3494.1
456,Africa,Games,2019-04,18.0,12778.05
457,Africa,Games,2019-05,6.0,2506.14
458,Africa,Games,2019-06,29.0,13023.87
459,Africa,Games,2019-07,12.0,4375.91
460,Africa,Games,2019-08,11.0,7922.84
461,Africa,Games,2019-09,10.0,1599.6
462,Africa,Games,2019-10,3.0,1523.34
463,Africa,Games,2019-12,10.0,2491.92
464,Africa,Games,2020-01,6.0,1555.2
465,Africa,Games,2020-02,13.0,5953.97
466,Africa,Games,2020-03,9.0,2035.86
467,Africa,Games,2020-04,16.0,12783.54
468,Africa,Games,2020-05,18.0,9505.58
469,Africa,Games,2020-06,23.0,15873.320000000002
470,Africa,Games,2020-07,17.0,11647.24
471,Africa,Games,2020-08,38.0,15742.289999999999
472,Africa,Games,2020-09,18.0,4382.84
473,Africa,Games,2020-10,7.0,4902.38
474,Africa,Games,2020-11,18.0,6191.46
475,Africa,Games,2020-12,18.0,6059.3
476,Africa,Games,2016-07,28.0,13674.3
477,Africa,Games,2016-08,6.0,4222.8
478,Africa,Games,2017-11,17.0,5517.04
479,Africa,Games,2019-11,3.0,2878.2599999999998
480,Africa,Garden,2016-01,11.0,5906.68
481,Africa,Garden,2016-02,21.0,14117.22
482,Africa,Garden,2016-03,21.0,11691.32
483,Africa,Garden,2016-04,,
484,Africa,Garden,2016-05,10.0,3663.3999999999996
485,Africa,Garden,2016-06,17.0,6950.04
486,Africa,Garden,2016-09,17.0,10647.59
487,Africa,Garden,2016-10,3.0,2907.66
488,Africa,Garden,2016-11,18.0,4912.84
489,Africa,Garden,2016-12,9.0,5707.589999999999
490,Africa,Garden,2017-01,5.0,1770.25
491,Africa,Garden,2017-02,7.0,4462.83
492,Africa,Garden,2017-03,4.0,2959.94
493,Africa,Garden,2017-04,13.0,4544.66
494,Africa,Garden,2017-05,17.0,7933.67
495,Africa,Garden,2017-06,,
496,Africa,Garden,2017-07,11.0,5011.6900000000005
497,Africa,Garden,2017-08,13.0,7872.860000000001
498,Africa,Garden,2017-09,19.0,9296.199999999999
499,Africa,Garden,2017-10,10.0,7791.3
500,Africa,Garden,2017-12,4.0,1975.92
501,Africa,Garden,2018-01,1.0,667.1999999999999
502,Africa,Garden,2018-02,12.0,2136.4
503,Africa,Garden,2018-03,13.0,4438.68
504,Africa,Garden,2018-04,26.0,11535.21
505,Africa,Garden,2018-05,4.0,3305.12
506,Africa,Garden,2018-06,10.0,2888.8
507,Africa,Garden,2018-07,27.0,16343.56
508,Africa,Garden,2018-08,10.0,3686.42
509,Africa,Garden,2018-09,11.0,9257.58
510,Africa,Garden,2018-10,16.0,5456.98
511,Africa,Garden,2018-11,13.0,2863.8399999999997
512,Africa,Garden,2018-12,8.0,68.39999999999999
513,Africa,Garden,2019-01,16.0,4645.86
514,Africa,Garden,2019-02,45.0,26012.64
515,Africa,Garden,2019-03,22.0,10000.98
516,Africa,Garden,2019-04,24.0,6889.120000000001
517,Africa,Garden,2019-05,16.0,7202.880000000001
518,Africa,Garden,2019-06,22.0,14181.08
519,Africa,Garden,2019-07,21.0,4735.52
520,Africa,Garden,2019-08,22.0,5717.28
521,Africa,Garden,2019-09,7.0,1733.76
522,Africa,Garden,2019-10,15.0,9968.04
523,Africa,Garden,2019-12,,
524,Africa,Garden,2020-01,36.0,11413.05
525,Africa,Garden,2020-02,3.0,2453.85
526,Africa,Garden,2020-03,17.0,6435.16
527,Africa,Garden,2020-04,11.0,6175.93
528,Africa,Garden,2020-05,2.0,1374.48
529,Africa,Garden,2020-06,14.0,7351.739999999999
530,Africa,Garden,2020-07,7.0,4142.339999999999
531,Africa,Garden,2020-08,20.0,8100.29
532,Africa,Garden,2020-09,23.0,11014.779999999999
533,Africa,Garden,2020-10,,
534,Africa,Garden,2020-11,20.0,11668.51
535,Africa,Garden,2020-12,,
536,Africa,Garden,2016-07,8.0,2410.58
537,Africa,Garden,2016-08,17.0,5082.7699999999995
538,Africa,Garden,2017-11,3.0,1632.54
539,Africa,Garden,2019-11,23.0,11679.76
540,Africa,Grocery,2016-01,29.0,11349.86
541,Africa,Grocery,2016-02,11.0,1413.45
542,Africa,Grocery,2016-03,28.0,16299.2
543,Africa,Grocery,2016-04,10.0,6487.96
544,Africa,Grocery,2016-05,21.0,11108.609999999999
545,Africa,Grocery,2016-06,29.0,19610.55
546,Africa,Grocery,2016-09,4.0,2249.6
547,Africa,Grocery,2016-10,5.0,1643.83
548,Africa,Grocery,2016-11,25.0,9590.89
549,Africa,Grocery,2016-12,8.0,2215.0099999999998
550,Africa,Grocery,2017-01,28.0,9057.71
551,Africa,Grocery,2017-02,18.0,8289.65
552,Africa,Grocery,2017-03,4.0,1062.88
553,Africa,Grocery,2017-04,6.0,3599.64
554,Africa,Grocery,2017-05,16.0,3309.37
555,Africa,Grocery,2017-06,6.0,4136.679999999999
556,Africa,Grocery,2017-07,5.0,1418.69
557,Africa,Grocery,2017-08,11.0,3966.96
558,Africa,Grocery,2017-09,5.0,1659.94
559,Africa,Grocery,2017-10,10.0,4390.32
560,Africa,Grocery,2017-12,,
561,Africa,Grocery,2018-01,31.0,8668.130000000001
562,Africa,Grocery,2018-02,18.0,10818.81
563,Africa,Grocery,2018-03,26.0,6533.599999999999
564,Africa,Grocery,2018-04,16.0,9209.34
565,Africa,Grocery,2018-05,7.0,4462.92
566,Africa,Grocery,2018-06,7.0,2060.8
567,Africa,Grocery,2018-07,8.0,2968.1
568,Africa,Grocery,2018-08,9.0,4186.64
569,Africa,Grocery,2018-09,17.0,9583.7
570,Africa,Grocery,2018-10,9.0,7488.499999999999
571,Africa,Grocery,2018-11,14.0,7712.68
572,Africa,Grocery,2018-12,38.0,22928.4
573,Africa,Grocery,2019-01,21.0,10979.949999999999
574,Africa,Grocery,2019-02,12.0,5486.0
575,Africa,Grocery,2019-03,,
576,Africa,Grocery,2019-04,26.0,16122.59
577,Africa,Grocery,2019-05,36.0,16050.24
578,Africa,Grocery,2019-06,20.0,13240.939999999999
579,Africa,Grocery,2019-07,,
580,Africa,Grocery,2019-08,17.0,8803.07
581,Africa,Grocery,2019-09,4.0,1895.48
582,Africa,Grocery,2019-10,22.0,16849.17
583,Africa,Grocery,2019-12,25.0,6425.16
584,Africa,Grocery,2020-01,8.0,3590.72
585,Africa,Grocery,2020-02,36.0,25286.219999999998
586,Africa,Grocery,2020-03,16.0,5144.04
587,Africa,Grocery,2020-04,17.0,9437.65
588,Africa,Grocery,2020-05,23.0,16310.25
589,Africa,Grocery,2020-06,23.0,10216.609999999999
590,Africa,Grocery,2020-07,,
591,Africa,Grocery,2020-08,12.0,2348.46
592,Africa,Grocery,2020-09,18.0,10271.52
593,Africa,Grocery,2020-10,10.0,4237.0
594,Africa,Grocery,2020-11,,
595,Africa,Grocery,2020-12,44.0,23912.1
596,Africa,Grocery,2016-07,4.0,915.68
597,Africa,Grocery,2016-08,15.0,5591.43
598,Africa,Grocery,2017-11,8.0,3541.2
599,Africa,Grocery,2019-11,29.0,15021.779999999999
600,Africa,Health,2016-01,38.0,20958.539999999997
601,Africa,Health,2016-02,9.0,3401.8999999999996
602,Africa,Health,2016-03,32.0,12719.58
603,Africa,Health,2016-04,21.0,9615.810000000001
604,Africa,Health,2016-05,21.0,10650.199999999999
605,Africa,Health,2016-06,13.0,4916.88
606,Africa,Health,2016-09,15.0,4926.6
607,Africa,Health,2016-10,22.0,13283.91
608,Africa,Health,2016-11,12.0,5108.219999999999
609,Africa,Health,2016-12,9.0,3089.4900000000002
610,Africa,Health,2017-01,15.0,8412.199999999999
611,Africa,Health,2017-02,6.0,334.8
612,Africa,Health,2017-03,9.0,5432.129999999999
613,Africa,Health,2017-04,34.0,20876.05
614,Africa,Health,2017-05,5.0,409.2
615,Africa,Health,2017-06,19.0,9850.88
616,Africa,Health,2017-07,28.0,12658.05
617,Africa,Health,2017-08,7.0,2553.26
618,Africa,Health,2017-09,2.0,20.02
619,Africa,Health,2017-10,22.0,9621.3
620,Africa,Health,2017-12,6.0,4274.92
621,Africa,Health,2018-01,10.0,7833.42
622,Africa,Health,2018-02,14.0,8905.800000000001
623,Africa,Health,2018-03,6.0,5203.26
624,Africa,Health,2018-04,10.0,4341.72
625,Africa,Health,2018-05,10.0,5182.5599999999995
626,Africa,Health,2018-06,20.0,8575.27
627,Africa,Health,2018-07,32.0,18894.129999999997
628,Africa,Health,2018-08,9.0,3418.68
629,Africa,Health,2018-09,,
630,Africa,Health,2018-10,22.0,8441.19
631,Africa,Health,2018-11,10.0,8120.64
632,Africa,Health,2018-12,25.0,7261.46
633,Africa,Health,2019-01,24.0,12371.0
634,Africa,Health,2019-02,20.0,15727.14
635,Africa,Health,2019-03,1.0,468.65000000000003
636,Africa,Health,2019-04,,
637,Africa,Health,2019-05,22.0,10288.66
638,Africa,Health,2019-06,5.0,1484.7
639,Africa,Health,2019-07,26.0,9502.289999999999
640,Africa,Health,2019-08,25.0,11088.88
641,Africa,Health,2019-09,21.0,12533.88
642,Africa,Health,2019-10,34.0,16900.48
643,Africa,Health,2019-12,9.0,1449.63
644,Africa,Health,2020-01,,
645,Africa,Health,2020-02,6.0,3098.4
646,Africa,Health,2020-03,28.0,12152.33
647,Africa,Health,2020-04,15.0,8107.08
648,Africa,Health,2020-05,11.0,3575.17
649,Africa,Health,2020-06,19.0,10975.34
650,Africa,Health,2020-07,28.0,16983.760000000002
651,Africa,Health,2020-08,4.0,3150.8399999999997
652,Africa,Health,2020-09,44.0,21999.100000000002
653,Africa,Health,2020-10,31.0,14946.189999999999
654,Africa,Health,2020-11,11.0,5609.86
655,Africa,Health,2020-12,4.0,1494.3000000000002
656,Africa,Health,2016-07,29.0,17202.71
657,Africa,Health,2016-08,31.0,13490.8
658,Africa,Health,2017-11,21.0,12275.92
659,Africa,Health,2019-11,19.0,7525.66
660,Africa,Home,2016-01,5.0,1204.14
661,Africa,Home,2016-02,23.0,9065.26
662,Africa,Home,2016-03,28.0,15179.5
663,Africa,Home,2016-04,2.0,1752.3
664,Africa,Home,2016-05,18.0,13834.84
665,Africa,Home,2016-06,6.0,4156.049999999999
666,Africa,Home,2016-09,8.0,1078.8
667,Africa,Home,2016-10,9.0,3736.44
668,Africa,Home,2016-11,10.0,2823.96
669,Africa,Home,2016-12,9.0,1846.8
670,Africa,Home,2017-01,6.0,1558.2
671,Africa,Home,2017-02,22.0,8705.25
672,Africa,Home,2017-03,18.0,8053.41
673,Africa,Home,2017-04,3.0,1504.4699999999998
674,Africa,Home,2017-05,12.0,3467.9999999999995
675,Africa,Home,2017-06,20.0,7860.4400000000005
676,Africa,Home,2017-07,,
677,Africa,Home,2017-08,28.0,14815.460000000001
678,Africa,Home,2017-09,19.0,9490.400000000001
679,Africa,Home,2017-10,11.0,2767.2400000000002
680,Africa,Home,2017-12,4.0,1936.48
681,Africa,Home,2018-01,12.0,6911.1
682,Africa,Home,2018-02,11.0,7232.0
683,Africa,Home,2018-03,9.0,5212.17
684,Africa,Home,2018-04,20.0,4941.639999999999
685,Africa,Home,2018-05,28.0,5891.98
686,Africa,Home,2018-06,15.0,8683.949999999999
687,Africa,Home,2018-07,27.0,13899.63
688,Africa,Home,2018-08,24.0,12887.54
689,Africa,Home,2018-09,20.0,6949.219999999999
690,Africa,Home,2018-10,27.0,17450.539999999997
691,Africa,Home,2018-11,15.0,6118.96
692,Africa,Home,2018-12,15.0,2030.46
693,Africa,Home,2019-01,19.0,9887.34
694,Africa,Home,2019-02,14.0,5871.36
695,Africa,Home,2019-03,16.0,10014.76
696,Africa,Home,2019-04,26.0,9464.92
697,Africa,Home,2019-05,14.0,7531.639999999999
698,Africa,Home,2019-06,2.0,1050.64
699,Africa,Home,2019-07,5.0,571.9499999999999
700,Africa,Home,2019-08,28.0,11935.669999999998
701,Africa,Home,2019-09,10.0,5781.0
702,Africa,Home,2019-10,34.0,19821.75
703,Africa,Home,2019-12,18.0,7468.860000000001
704,Africa,Home,2020-01,9.0,2571.6600000000003
705,Africa,Home,2020-02,15.0,11938.08
706,Africa,Home,2020-03,24.0,11182.16
707,Africa,Home,2020-04,10.0,6726.08
708,Africa,Home,2020-05,28.0,19154.179999999997
709,Africa,Home,2020-06,6.0,2689.92
710,Africa,Home,2020-07,19.0,14483.099999999999
711,Africa,Home,2020-08,7.0,4346.5
712,Africa,Home,2020-09,15.0,5958.3
713,Africa,Home,2020-10,6.0,3595.79
714,Africa,Home,2020-11,12.0,7555.76
715,Africa,Home,2020-12,6.0,1105.8
716,Africa,Home,2016-07,10.0,2676.65
717,Africa,Home,2016-08,14.0,8265.44
718,Africa,Home,2017-11,16.0,3571.51
719,Africa,Home,2019-11,8.0,3823.24
720,Africa,Industrial,2016-01,,
721,Africa,Industrial,2016-02,21.0,10797.24
722,Africa,Industrial,2016-03,,
723,Africa,Industrial,2016-04,30.0,19584.38
724,Africa,Industrial,2016-05,8.0,4514.35
725,Africa,Industrial,2016-06,23.0,4452.45
726,Africa,Industrial,2016-09,16.0,7035.24
727,Africa,Industrial,2016-10,,
728,Africa,Industrial,2016-11,13.0,2129.4300000000003
729,Africa,Industrial,2016-12,29.0,10218.11
730,Africa,Industrial,2017-01,9.0,742.76
731,Africa,Industrial,2017-02,18.0,10553.74
732,Africa,Industrial,2017-03,13.0,5186.51
733,Africa,Industrial,2017-04,12.0,6030.74
734,Africa,Industrial,2017-05,17.0,6706.27
735,Africa,Industrial,2017-06,36.0,24865.6
736,Africa,Industrial,2017-07,12.0,10771.380000000001
737,Africa,Industrial,2017-08,9.0,2523.6800000000003
738,Africa,Industrial,2017-09,19.0,6486.4
739,Africa,Industrial,2017-10,13.0,7473.7699999999995
740,Africa,Industrial,2017-12,10.0,4446.75
741,Africa,Industrial,2018-01,30.0,18607.84
742,Africa,Industrial,2018-02,16.0,7955.599999999999
743,Africa,Industrial,2018-03,10.0,4751.08
744,Africa,Industrial,2018-04,35.0,14980.87
745,Africa,Industrial,2018-05,31.0,16450.03
746,Africa,Industrial,2018-06,9.0,1133.6399999999999
747,Africa,Industrial,2018-07,24.0,9196.75
748,Africa,Industrial,2018-08,10.0,6853.049999999999
749,Africa,Industrial,2018-09,13.0,1935.9500000000003
750,Africa,Industrial,2018-10,36.0,11281.11
751,Africa,Industrial,2018-11,19.0,9517.419999999998
752,Africa,Industrial,2018-12,23.0,8745.56
753,Africa,Industrial,2019-01,29.0,4539.3
754,Africa,Industrial,2019-02,29.0,12129.949999999999
755,Africa,Industrial,2019-03,17.0,3778.0
756,Africa,Industrial,2019-04,13.0,4096.889999999999
757,Africa,Industrial,2019-05,,
758,Africa,Industrial,2019-06,22.0,9775.939999999999
759,Africa,Industrial,2019-07,10.0,978.4200000000001
760,Africa,Industrial,2019-08,7.0,1697.5
761,Africa,Industrial,2019-09,10.0,4449.6
762,Africa,Industrial,2019-10,14.0,7317.24
763,Africa,Industrial,2019-12,2.0,314.64
764,Africa,Industrial,2020-01,15.0,7816.900000000001
765,Africa,Industrial,2020-02,26.0,16776.14
766,Africa,Industrial,2020-03,15.0,9791.76
767,Africa,Industrial,2020-04,12.0,2255.16
768,Africa,Industrial,2020-05,33.0,7510.82
769,Africa,Industrial,2020-06,7.0,2328.48
770,Africa,Industrial,2020-07,28.0,21300.199999999997
771,Africa,Industrial,2020-08,14.0,6518.360000000001
772,Africa,Industrial,2020-09,19.0,8612.52
773,Africa,Industrial,2020-10,19.0,13997.86
774,Africa,Industrial,2020-11,22.0,14442.18
775,Africa,Industrial,2020-12,14.0,5378.0599999999995
776,Africa,Industrial,2016-07,20.0,5686.96
777,Africa,Industrial,2016-08,19.0,9410.22
778,Africa,Industrial,2017-11,37.0,13909.06
779,Africa,Industrial,2019-11,10.0,474.29999999999995
780,Africa,Jewelery,2016-01,19.0,285.21
781,Africa,Jewelery,2016-02,8.0,308.32
782,Africa,Jewelery,2016-03,4.0,1048.8
783,Africa,Jewelery,2016-04,3.0,407.7
784,Africa,Jewelery,2016-05,22.0,7911.92
785,Africa,Jewelery,2016-06,6.0,1601.87
786,Africa,Jewelery,2016-09,13.0,7524.18
787,Africa,Jewelery,2016-10,15.0,4866.24
788,Africa,Jewelery,2016-11,14.0,10351.8
789,Africa,Jewelery,2016-12,39.0,14542.829999999998
790,Africa,Jewelery,2017-01,,
791,Africa,Jewelery,2017-02,11.0,9858.4
792,Africa,Jewelery,2017-03,6.0,3893.7599999999998
793,Africa,Jewelery,2017-04,7.0,3701.04
794,Africa,Jewelery,2017-05,14.0,4301.92
795,Africa,Jewelery,2017-06,,
796,Africa,Jewelery,2017-07,12.0,5714.92
797,Africa,Jewelery,2017-08,12.0,8097.11
798,Africa,Jewelery,2017-09,20.0,9002.34
799,Africa,Jewelery,2017-10,13.0,7114.5
800,Africa,Jewelery,2017-12,15.0,7249.900000000001
801,Africa,Jewelery,2018-01,24.0,12206.619999999999
802,Africa,Jewelery,2018-02,7.0,5841.08
803,Africa,Jewelery,2018-03,6.0,5319.0
804,Africa,Jewelery,2018-04,1.0,143.04
805,Africa,Jewelery,2018-05,15.0,4725.32
806,Africa,Jewelery,2018-06,6.0,1885.32
807,Africa,Jewelery,2018-07,,
808,Africa,Jewelery,2018-08,17.0,2712.33
809,Africa,Jewelery,2018-09,39.0,18450.84
810,Africa,Jewelery,2018-10,10.0,3619.0
811,Africa,Jewelery,2018-11,23.0,7280.459999999999
812,Africa,Jewelery,2018-12,27.0,15547.96
813,Africa,Jewelery,2019-01,,
814,Africa,Jewelery,2019-02,3.0,171.0
815,Africa,Jewelery,2019-03,20.0,10887.9
816,Africa,Jewelery,2019-04,12.0,3018.3199999999997
817,Africa,Jewelery,2019-05,32.0,14264.060000000001
818,Africa,Jewelery,2019-06,26.0,12172.060000000001
819,Africa,Jewelery,2019-07,6.0,1618.56
820,Africa,Jewelery,2019-08,1.0,385.48
821,Africa,Jewelery,2019-09,26.0,10155.550000000001
822,Africa,Jewelery,2019-10,5.0,3985.3199999999997
823,Africa,Jewelery,2019-12,19.0,5718.0599999999995
824,Africa,Jewelery,2020-01,26.0,14754.84
825,Africa,Jewelery,2020-02,9.0,950.4
826,Africa,Jewelery,2020-03,7.0,1746.36
827,Africa,Jewelery,2020-04,20.0,13441.97
828,Africa,Jewelery,2020-05,11.0,2006.9999999999998
829,Africa,Jewelery,2020-06,24.0,10876.4
830,Africa,Jewelery,2020-07,24.0,13619.16
831,Africa,Jewelery,2020-08,8.0,2094.39
832,Africa,Jewelery,2020-09,44.0,21133.02
833,Africa,Jewelery,2020-10,34.0,14776.98
834,Africa,Jewelery,2020-11,25.0,10680.58
835,Africa,Jewelery,2020-12,23.0,13150.880000000001
836,Africa,Jewelery,2016-07,12.0,6777.45
837,Africa,Jewelery,2016-08,17.0,7026.76
838,Africa,Jewelery,2017-11,15.0,4066.02
839,Africa,Jewelery,2019-11,6.0,1091.94
840,Africa,Kids,2016-01,21.0,14363.09
841,Africa,Kids,2016-02,3.0,810.81
842,Africa,Kids,2016-03,9.0,3060.27
843,Africa,Kids,2016-04,27.0,14911.88
844,Africa,Kids,2016-05,18.0,10656.66
845,Africa,Kids,2016-06,12.0,6711.1
846,Africa,Kids,2016-09,33.0,12879.65
847,Africa,Kids,2016-10,13.0,5482.65
848,Africa,Kids,2016-11,25.0,6740.98
849,Africa,Kids,2016-12,3.0,342.18
850,Africa,Kids,2017-01,1.0,424.08
851,Africa,Kids,2017-02,12.0,10525.2
852,Africa,Kids,2017-03,24.0,9555.08
853,Africa,Kids,2017-04,,
854,Africa,Kids,2017-05,1.0,430.56
855,Africa,Kids,2017-06,9.0,4836.0
856,Africa,Kids,2017-07,11.0,4204.6
857,Africa,Kids,2017-08,,
858,Africa,Kids,2017-09,23.0,11138.22
859,Africa,Kids,2017-10,20.0,8686.0
860,Africa,Kids,2017-12,,
861,Africa,Kids,2018-01,30.0,15238.039999999999
862,Africa,Kids,2018-02,1.0,726.3299999999999
863,Africa,Kids,2018-03,10.0,7018.629999999999
864,Africa,Kids,2018-04,8.0,1183.8
865,Africa,Kids,2018-05,10.0,6291.17
866,Africa,Kids,2018-06,,
867,Africa,Kids,2018-07,7.0,5469.240000000001
868,Africa,Kids,2018-08,8.0,964.4099999999999
869,Africa,Kids,2018-09,22.0,16153.279999999999
870,Africa,Kids,2018-10,25.0,11149.94
871,Africa,Kids,2018-11,8.0,3621.6000000000004
872,Africa,Kids,2018-12,14.0,1884.75
873,Africa,Kids,2019-01,13.0,3777.96
874,Africa,Kids,2019-02,26.0,13045.49
875,Africa,Kids,2019-03,9.0,2386.41
876,Africa,Kids,2019-04,11.0,4436.1
877,Africa,Kids,2019-05,14.0,8362.2
878,Africa,Kids,2019-06,16.0,12357.380000000001
879,Africa,Kids,2019-07,,
880,Africa,Kids,2019-08,13.0,4573.8099999999995
881,Africa,Kids,2019-09,2.0,1205.76
882,Africa,Kids,2019-10,11.0,7979.5599999999995
883,Africa,Kids,2019-12,8.0,4352.64
884,Africa,Kids,2020-01,13.0,3141.26
885,Africa,Kids,2020-02,2.0,1910.7
886,Africa,Kids,2020-03,,
887,Africa,Kids,2020-04,14.0,9711.66
888,Africa,Kids,2020-05,16.0,4058.52
889,Africa,Kids,2020-06,13.0,7443.039999999999
890,Africa,Kids,2020-07,27.0,10530.43
891,Africa,Kids,2020-08,5.0,1296.9
892,Africa,Kids,2020-09,16.0,7563.15
893,Africa,Kids,2020-10,37.0,23927.95
894,Africa,Kids,2020-11,2.0,1378.16
895,Africa,Kids,2020-12,,
896,Africa,Kids,2016-07,12.0,4625.91
897,Africa,Kids,2016-08,20.0,2508.05
898,Africa,Kids,2017-11,12.0,6987.34
899,Africa,Kids,2019-11,16.0,4240.780000000001
900,Africa,Movies,2016-01,19.0,13317.32
901,Africa,Movies,2016-02,17.0,9154.95
902,Africa,Movies,2016-03,13.0,4078.54
903,Africa,Movies,2016-04,15.0,3905.3199999999997
904,Africa,Movies,2016-05,9.0,3096.3599999999997
905,Africa,Movies,2016-06,17.0,10751.279999999999
906,Africa,Movies,2016-09,5.0,2865.8
907,Africa,Movies,2016-10,6.0,1728.2199999999998
908,Africa,Movies,2016-11,44.0,27721.32
909,Africa,Movies,2016-12,11.0,3895.88
910,Africa,Movies,2017-01,25.0,16290.48
911,Africa,Movies,2017-02,23.0,9901.94
912,Africa,Movies,2017-03,15.0,2921.79
913,Africa,Movies,2017-04,7.0,2371.3
914,Africa,Movies,2017-05,15.0,8314.42
915,Africa,Movies,2017-06,22.0,11322.49
916,Africa,Movies,2017-07,6.0,3483.22
917,Africa,Movies,2017-08,13.0,9343.04
918,Africa,Movies,2017-09,7.0,2691.92
919,Africa,Movies,2017-10,17.0,5862.24
920,Africa,Movies,2017-12,19.0,14568.189999999999
921,Africa,Movies,2018-01,15.0,11652.75
922,Africa,Movies,2018-02,8.0,5529.599999999999
923,Africa,Movies,2018-03,,
924,Africa,Movies,2018-04,15.0,7155.960000000001
925,Africa,Movies,2018-05,8.0,5676.02
926,Africa,Movies,2018-06,23.0,9560.46
927,Africa,Movies,2018-07,,
928,Africa,Movies,2018-08,14.0,7531.2
929,Africa,Movies,2018-09,8.0,6953.76
930,Africa,Movies,2018-10,,
931,Africa,Movies,2018-11,12.0,3328.2
932,Africa,Movies,2018-12,23.0,14377.5
933,Africa,Movies,2019-01,26.0,13857.880000000001
934,Africa,Movies,2019-02,22.0,12042.7
935,Africa,Movies,2019-03,9.0,5667.84
936,Africa,Movies,2019-04,8.0,7410.839999999999
937,Africa,Movies,2019-05,31.0,12767.63
938,Africa,Movies,2019-06,14.0,12003.72
939,Africa,Movies,2019-07,23.0,12456.86
940,Africa,Movies,2019-08,22.0,6777.540000000001
941,Africa,Movies,2019-09,26.0,11737.6
942,Africa,Movies,2019-10,17.0,4382.139999999999
943,Africa,Movies,2019-12,31.0,20924.5
944,Africa,Movies,2020-01,,
945,Africa,Movies,2020-02,48.0,26329.41
946,Africa,Movies,2020-03,7.0,2731.98
947,Africa,Movies,2020-04,11.0,7423.8
948,Africa,Movies,2020-05,20.0,3460.4100000000003
949,Africa,Movies,2020-06,,
950,Africa,Movies,2020-07,14.0,11666.599999999999
951,Africa,Movies,2020-08,,
952,Africa,Movies,2020-09,15.0,7519.95
953,Africa,Movies,2020-10,29.0,10607.04
954,Africa,Movies,2020-11,26.0,8864.68
955,Africa,Movies,2020-12,12.0,3235.7400000000002
956,Africa,Movies,2016-07,15.0,5892.5
957,Africa,Movies,2016-08,13.0,7227.4400000000005
958,Africa,Movies,2017-11,26.0,10540.66
959,Africa,Movies,2019-11,14.0,7097.95
960,Africa,Music,2016-01,39.0,13520.62
961,Africa,Music,2016-02,17.0,6627.24
962,Africa,Music,2016-03,2.0,1162.8
963,Africa,Music,2016-04,7.0,273.41999999999996
964,Africa,Music,2016-05,22.0,9602.91
965,Africa,Music,2016-06,14.0,4459.62
966,Africa,Music,2016-09,10.0,4666.54
967,Africa,Music,2016-10,18.0,9067.66
968,Africa,Music,2016-11,7.0,2558.8199999999997
969,Africa,Music,2016-12,10.0,5733.0
970,Africa,Music,2017-01,16.0,6612.4
971,Africa,Music,2017-02,4.0,2503.56
972,Africa,Music,2017-03,1.0,48.6
973,Africa,Music,2017-04,12.0,4923.179999999999
974,Africa,Music,2017-05,15.0,11313.81
975,Africa,Music,2017-06,,
976,Africa,Music,2017-07,30.0,8356.02
977,Africa,Music,2017-08,,
978,Africa,Music,2017-09,6.0,1069.2
979,Africa,Music,2017-10,13.0,1976.95
980,Africa,Music,2017-12,4.0,2052.96
981,Africa,Music,2018-01,17.0,8223.27
982,Africa,Music,2018-02,6.0,4082.4
983,Africa,Music,2018-03,,
984,Africa,Music,2018-04,29.0,15859.52
985,Africa,Music,2018-05,41.0,20362.78
986,Africa,Music,2018-06,11.0,9545.74
987,Africa,Music,2018-07,11.0,6492.16
988,Africa,Music,2018-08,7.0,2990.96
989,Africa,Music,2018-09,9.0,419.46
990,Africa,Music,2018-10,7.0,2146.5
991,Africa,Music,2018-11,22.0,14363.84
992,Africa,Music,2018-12,7.0,6599.88
993,Africa,Music,2019-01,6.0,1081.92
994,Africa,Music,2019-02,10.0,2878.5
995,Africa,Music,2019-03,43.0,22169.64
996,Africa,Music,2019-04,15.0,6445.71
997,Africa,Music,2019-05,22.0,9447.09
998,Africa,Music,2019-06,17.0,8322.63
999,Africa,Music,2019-07,27.0,13220.21
1000,Africa,Music,2019-08,,
1001,Africa,Music,2019-09,16.0,7350.88
1002,Africa,Music,2019-10,21.0,13032.59
1003,Africa,Music,2019-12,14.0,9063.72
1004,Africa,Music,2020-01,14.0,9560.369999999999
1005,Africa,Music,2020-02,3.0,2554.92
1006,Africa,Music,2020-03,24.0,7838.36
1007,Africa,Music,2020-04,11.0,5632.549999999999
1008,Africa,Music,2020-05,19.0,15841.21
1009,Africa,Music,2020-06,6.0,2716.32
1010,Africa,Music,2020-07,6.0,557.36
1011,Africa,Music,2020-08,15.0,9056.32
1012,Africa,Music,2020-09,19.0,4414.24
1013,Africa,Music,2020-10,11.0,7444.89
1014,Africa,Music,2020-11,22.0,13301.88
1015,Africa,Music,2020-12,8.0,3101.21
1016,Africa,Music,2016-07,2.0,1564.0
1017,Africa,Music,2016-08,31.0,16370.94
1018,Africa,Music,2017-11,14.0,2541.84
1019,Africa,Music,2019-11,4.0,1829.52
1020,Africa,Outdoors,2016-01,24.0,9049.82
1021,Africa,Outdoors,2016-02,20.0,9966.98
1022,Africa,Outdoors,2016-03,14.0,9823.47
1023,Africa,Outdoors,2016-04,22.0,11162.17
1024,Africa,Outdoors,2016-05,,
1025,Africa,Outdoors,2016-06,19.0,4955.25
1026,Africa,Outdoors,2016-09,11.0,2581.15
1027,Africa,Outdoors,2016-10,1.0,4.5
1028,Africa,Outdoors,2016-11,,
1029,Africa,Outdoors,2016-12,18.0,8043.779999999999
1030,Africa,Outdoors,2017-01,2.0,1455.0
1031,Africa,Outdoors,2017-02,23.0,10730.11
1032,Africa,Outdoors,2017-03,8.0,1504.8
1033,Africa,Outdoors,2017-04,29.0,13779.24
1034,Africa,Outdoors,2017-05,11.0,3167.59
1035,Africa,Outdoors,2017-06,17.0,6752.799999999999
1036,Africa,Outdoors,2017-07,21.0,10636.01
1037,Africa,Outdoors,2017-08,20.0,13425.36
1038,Africa,Outdoors,2017-09,10.0,4973.76
1039,Africa,Outdoors,2017-10,22.0,8962.85
1040,Africa,Outdoors,2017-12,11.0,4235.0199999999995
1041,Africa,Outdoors,2018-01,37.0,17013.06
1042,Africa,Outdoors,2018-02,14.0,8284.34
1043,Africa,Outdoors,2018-03,19.0,9649.699999999999
1044,Africa,Outdoors,2018-04,12.0,2083.48
1045,Africa,Outdoors,2018-05,16.0,6018.1
1046,Africa,Outdoors,2018-06,,
1047,Africa,Outdoors,2018-07,9.0,5322.24
1048,Africa,Outdoors,2018-08,25.0,9444.029999999999
1049,Africa,Outdoors,2018-09,15.0,8459.43
1050,Africa,Outdoors,2018-10,14.0,9710.08
1051,Africa,Outdoors,2018-11,15.0,7646.03
1052,Africa,Outdoors,2018-12,26.0,10709.61
1053,Africa,Outdoors,2019-01,6.0,1222.2
1054,Africa,Outdoors,2019-02,,
1055,Africa,Outdoors,2019-03,5.0,1926.6599999999999
1056,Africa,Outdoors,2019-04,2.0,822.1199999999999
1057,Africa,Outdoors,2019-05,19.0,14407.16
1058,Africa,Outdoors,2019-06,,
1059,Africa,Outdoors,2019-07,9.0,3182.71
1060,Africa,Outdoors,2019-08,2.0,846.29
1061,Africa,Outdoors,2019-09,16.0,6601.389999999999
1062,Africa,Outdoors,2019-10,19.0,14724.300000000001
1063,Africa,Outdoors,2019-12,10.0,3603.3599999999997
1064,Africa,Outdoors,2020-01,21.0,10643.439999999999
1065,Africa,Outdoors,2020-02,21.0,6436.16
1066,Africa,Outdoors,2020-03,8.0,6587.200000000001
1067,Africa,Outdoors,2020-04,4.0,2517.12
1068,Africa,Outdoors,2020-05,20.0,4269.34
1069,Africa,Outdoors,2020-06,10.0,4614.74
1070,Africa,Outdoors,2020-07,18.0,3542.88
1071,Africa,Outdoors,2020-08,10.0,4968.5
1072,Africa,Outdoors,2020-09,10.0,3713.0
1073,Africa,Outdoors,2020-10,29.0,9600.14
1074,Africa,Outdoors,2020-11,21.0,7422.78
1075,Africa,Outdoors,2020-12,10.0,7719.64
1076,Africa,Outdoors,2016-07,39.0,18254.82
1077,Africa,Outdoors,2016-08,4.0,2689.38
1078,Africa,Outdoors,2017-11,16.0,6464.0
1079,Africa,Outdoors,2019-11,6.0,1158.36
1080,Africa,Shoes,2016-01,13.0,8377.4
1081,Africa,Shoes,2016-02,37.0,14601.56
1082,Africa,Shoes,2016-03,28.0,15447.18
1083,Africa,Shoes,2016-04,7.0,2580.2
1084,Africa,Shoes,2016-05,16.0,9535.18
1085,Africa,Shoes,2016-06,7.0,2645.64
1086,Africa,Shoes,2016-09,9.0,879.8399999999999
1087,Africa,Shoes,2016-10,8.0,1862.0800000000002
1088,Africa,Shoes,2016-11,,
1089,Africa,Shoes,2016-12,9.0,7379.1900000000005
1090,Africa,Shoes,2017-01,24.0,16781.82
1091,Africa,Shoes,2017-02,3.0,2206.71
1092,Africa,Shoes,2017-03,,
1093,Africa,Shoes,2017-04,8.0,3819.55
1094,Africa,Shoes,2017-05,21.0,14840.08
1095,Africa,Shoes,2017-06,21.0,7184.1
1096,Africa,Shoes,2017-07,26.0,23082.3
1097,Africa,Shoes,2017-08,,
1098,Africa,Shoes,2017-09,9.0,4034.04
1099,Africa,Shoes,2017-10,7.0,4456.4800000000005
1100,Africa,Shoes,2017-12,5.0,3674.2799999999997
1101,Africa,Shoes,2018-01,28.0,12462.58
1102,Africa,Shoes,2018-02,9.0,3790.2300000000005
1103,Africa,Shoes,2018-03,19.0,8744.669999999998
1104,Africa,Shoes,2018-04,8.0,1571.1
1105,Africa,Shoes,2018-05,6.0,225.72
1106,Africa,Shoes,2018-06,22.0,12427.25
1107,Africa,Shoes,2018-07,22.0,8463.84
1108,Africa,Shoes,2018-08,13.0,6761.46
1109,Africa,Shoes,2018-09,19.0,7537.89
1110,Africa,Shoes,2018-10,12.0,6351.719999999999
1111,Africa,Shoes,2018-11,15.0,3686.58
1112,Africa,Shoes,2018-12,19.0,13958.16
1113,Africa,Shoes,2019-01,18.0,12051.6
1114,Africa,Shoes,2019-02,13.0,4833.01
1115,Africa,Shoes,2019-03,,
1116,Africa,Shoes,2019-04,7.0,1291.29
1117,Africa,Shoes,2019-05,15.0,9414.24
1118,Africa,Shoes,2019-06,30.0,16252.210000000001
1119,Africa,Shoes,2019-07,9.0,1029.51
1120,Africa,Shoes,2019-08,15.0,6465.78
1121,Africa,Shoes,2019-09,11.0,3582.6
1122,Africa,Shoes,2019-10,12.0,5728.259999999999
1123,Africa,Shoes,2019-12,20.0,8837.04
1124,Africa,Shoes,2020-01,24.0,7100.44
1125,Africa,Shoes,2020-02,8.0,4298.68
1126,Africa,Shoes,2020-03,17.0,1912.16
1127,Africa,Shoes,2020-04,10.0,4984.46
1128,Africa,Shoes,2020-05,10.0,8744.13
1129,Africa,Shoes,2020-06,2.0,1672.5600000000002
1130,Africa,Shoes,2020-07,8.0,1339.2
1131,Africa,Shoes,2020-08,21.0,13976.66
1132,Africa,Shoes,2020-09,11.0,6485.34
1133,Africa,Shoes,2020-10,16.0,4794.01
1134,Africa,Shoes,2020-11,3.0,910.6199999999999
1135,Africa,Shoes,2020-12,11.0,3339.98
1136,Africa,Shoes,2016-07,11.0,7221.780000000001
1137,Africa,Shoes,2016-08,16.0,3565.72
1138,Africa,Shoes,2017-11,21.0,9958.07
1139,Africa,Shoes,2019-11,14.0,7814.0
1140,Africa,Sports,2016-01,9.0,4471.74
1141,Africa,Sports,2016-02,12.0,4242.24
1142,Africa,Sports,2016-03,1.0,436.16999999999996
1143,Africa,Sports,2016-04,8.0,126.47999999999999
1144,Africa,Sports,2016-05,7.0,1275.12
1145,Africa,Sports,2016-06,5.0,2046.2
1146,Africa,Sports,2016-09,8.0,2918.8599999999997
1147,Africa,Sports,2016-10,6.0,2380.92
1148,Africa,Sports,2016-11,29.0,17384.7
1149,Africa,Sports,2016-12,9.0,6045.68
1150,Africa,Sports,2017-01,16.0,8682.79
1151,Africa,Sports,2017-02,,
1152,Africa,Sports,2017-03,9.0,4731.38
1153,Africa,Sports,2017-04,12.0,1657.12
1154,Africa,Sports,2017-05,4.0,2549.7599999999998
1155,Africa,Sports,2017-06,28.0,16388.42
1156,Africa,Sports,2017-07,7.0,1107.26
1157,Africa,Sports,2017-08,4.0,2669.6
1158,Africa,Sports,2017-09,23.0,11974.8
1159,Africa,Sports,2017-10,14.0,2148.06
1160,Africa,Sports,2017-12,25.0,15262.9
1161,Africa,Sports,2018-01,,
1162,Africa,Sports,2018-02,22.0,12214.58
1163,Africa,Sports,2018-03,28.0,15436.68
1164,Africa,Sports,2018-04,18.0,8328.13
1165,Africa,Sports,2018-05,14.0,2116.34
1166,Africa,Sports,2018-06,11.0,7208.4
1167,Africa,Sports,2018-07,3.0,532.98
1168,Africa,Sports,2018-08,10.0,4026.8
1169,Africa,Sports,2018-09,16.0,12091.5
1170,Africa,Sports,2018-10,14.0,12102.0
1171,Africa,Sports,2018-11,17.0,9231.37
1172,Africa,Sports,2018-12,1.0,758.94
1173,Africa,Sports,2019-01,,
1174,Africa,Sports,2019-02,17.0,2163.8999999999996
1175,Africa,Sports,2019-03,14.0,7976.44
1176,Africa,Sports,2019-04,13.0,7573.71
1177,Africa,Sports,2019-05,33.0,8991.66
1178,Africa,Sports,2019-06,6.0,4360.32
1179,Africa,Sports,2019-07,19.0,17311.77
1180,Africa,Sports,2019-08,5.0,3362.72
1181,Africa,Sports,2019-09,,
1182,Africa,Sports,2019-10,40.0,23713.629999999997
1183,Africa,Sports,2019-12,,
1184,Africa,Sports,2020-01,14.0,5114.639999999999
1185,Africa,Sports,2020-02,6.0,46.08
1186,Africa,Sports,2020-03,13.0,6723.85
1187,Africa,Sports,2020-04,1.0,725.1999999999999
1188,Africa,Sports,2020-05,1.0,417.6
1189,Africa,Sports,2020-06,2.0,491.40000000000003
1190,Africa,Sports,2020-07,33.0,18321.53
1191,Africa,Sports,2020-08,28.0,7924.959999999999
1192,Africa,Sports,2020-09,35.0,14297.18
1193,Africa,Sports,2020-10,16.0,7935.679999999999
1194,Africa,Sports,2020-11,17.0,12101.220000000001
1195,Africa,Sports,2020-12,25.0,11662.98
1196,Africa,Sports,2016-07,17.0,10559.46
1197,Africa,Sports,2016-08,8.0,2634.24
1198,Africa,Sports,2017-11,23.0,9042.24
1199,Africa,Sports,2019-11,32.0,14561.73
1200,Africa,Tools,2016-01,33.0,18298.100000000002
1201,Africa,Tools,2016-02,18.0,6138.09
1202,Africa,Tools,2016-03,21.0,5568.82
1203,Africa,Tools,2016-04,30.0,10964.210000000001
1204,Africa,Tools,2016-05,5.0,1386.0
1205,Africa,Tools,2016-06,10.0,1919.3
1206,Africa,Tools,2016-09,16.0,8145.709999999999
1207,Africa,Tools,2016-10,11.0,8688.82
1208,Africa,Tools,2016-11,12.0,3536.46
1209,Africa,Tools,2016-12,7.0,2119.52
1210,Africa,Tools,2017-01,8.0,1779.6
1211,Africa,Tools,2017-02,7.0,4308.5
1212,Africa,Tools,2017-03,18.0,12870.8
1213,Africa,Tools,2017-04,17.0,8364.33
1214,Africa,Tools,2017-05,12.0,5000.0599999999995
1215,Africa,Tools,2017-06,18.0,6111.9
1216,Africa,Tools,2017-07,20.0,13232.14
1217,Africa,Tools,2017-08,1.0,706.56
1218,Africa,Tools,2017-09,23.0,11864.939999999999
1219,Africa,Tools,2017-10,33.0,17026.81
1220,Africa,Tools,2017-12,18.0,5645.51
1221,Africa,Tools,2018-01,15.0,4666.349999999999
1222,Africa,Tools,2018-02,11.0,3261.2299999999996
1223,Africa,Tools,2018-03,7.0,138.17999999999998
1224,Africa,Tools,2018-04,10.0,3101.4
1225,Africa,Tools,2018-05,8.0,3183.04
1226,Africa,Tools,2018-06,10.0,3212.3
1227,Africa,Tools,2018-07,4.0,827.1999999999999
1228,Africa,Tools,2018-08,41.0,22526.43
1229,Africa,Tools,2018-09,3.0,218.70000000000002
1230,Africa,Tools,2018-10,33.0,15388.289999999999
1231,Africa,Tools,2018-11,6.0,440.82
1232,Africa,Tools,2018-12,24.0,12234.48
1233,Africa,Tools,2019-01,14.0,9443.599999999999
1234,Africa,Tools,2019-02,16.0,8805.8
1235,Africa,Tools,2019-03,4.0,3440.4999999999995
1236,Africa,Tools,2019-04,5.0,3709.04
1237,Africa,Tools,2019-05,16.0,5780.79
1238,Africa,Tools,2019-06,18.0,4716.18
1239,Africa,Tools,2019-07,8.0,4277.67
1240,Africa,Tools,2019-08,23.0,8037.51
1241,Africa,Tools,2019-09,20.0,14180.970000000001
1242,Africa,Tools,2019-10,8.0,5088.72
1243,Africa,Tools,2019-12,14.0,4595.4400000000005
1244,Africa,Tools,2020-01,10.0,5063.5
1245,Africa,Tools,2020-02,19.0,8298.359999999999
1246,Africa,Tools,2020-03,17.0,8165.74
1247,Africa,Tools,2020-04,13.0,7738.0
1248,Africa,Tools,2020-05,4.0,355.2
1249,Africa,Tools,2020-06,38.0,20169.87
1250,Africa,Tools,2020-07,2.0,247.0
1251,Africa,Tools,2020-08,12.0,3543.0899999999997
1252,Africa,Tools,2020-09,13.0,8535.67
1253,Africa,Tools,2020-10,7.0,5577.04
1254,Africa,Tools,2020-11,16.0,7812.88
1255,Africa,Tools,2020-12,13.0,5430.38
1256,Africa,Tools,2016-07,13.0,6884.32
1257,Africa,Tools,2016-08,27.0,17144.85
1258,Africa,Tools,2017-11,17.0,8345.36
1259,Africa,Tools,2019-11,14.0,5224.240000000001
1260,Africa,Toys,2016-01,13.0,5234.08
1261,Africa,Toys,2016-02,9.0,6173.46
1262,Africa,Toys,2016-03,18.0,6580.88
1263,Africa,Toys,2016-04,32.0,17426.510000000002
1264,Africa,Toys,2016-05,23.0,14264.5
1265,Africa,Toys,2016-06,12.0,7352.18
1266,Africa,Toys,2016-09,16.0,5165.32
1267,Africa,Toys,2016-10,1.0,103.74000000000001
1268,Africa,Toys,2016-11,19.0,10560.27
1269,Africa,Toys,2016-12,22.0,15126.96
1270,Africa,Toys,2017-01,25.0,7641.3
1271,Africa,Toys,2017-02,12.0,7653.959999999999
1272,Africa,Toys,2017-03,16.0,6993.54
1273,Africa,Toys,2017-04,4.0,3143.3599999999997
1274,Africa,Toys,2017-05,14.0,7088.7699999999995
1275,Africa,Toys,2017-06,,
1276,Africa,Toys,2017-07,4.0,694.52
1277,Africa,Toys,2017-08,20.0,7969.32
1278,Africa,Toys,2017-09,25.0,15746.09
1279,Africa,Toys,2017-10,35.0,20395.559999999998
1280,Africa,Toys,2017-12,1.0,656.6899999999999
1281,Africa,Toys,2018-01,19.0,8922.449999999999
1282,Africa,Toys,2018-02,17.0,6928.62
1283,Africa,Toys,2018-03,6.0,847.8000000000001
1284,Africa,Toys,2018-04,4.0,3286.92
1285,Africa,Toys,2018-05,31.0,11490.439999999999
1286,Africa,Toys,2018-06,17.0,5127.379999999999
1287,Africa,Toys,2018-07,9.0,5018.849999999999
1288,Africa,Toys,2018-08,24.0,8196.15
1289,Africa,Toys,2018-09,7.0,1809.78
1290,Africa,Toys,2018-10,11.0,6075.6
1291,Africa,Toys,2018-11,4.0,1267.3
1292,Africa,Toys,2018-12,40.0,18963.7
1293,Africa,Toys,2019-01,8.0,1598.5
1294,Africa,Toys,2019-02,,
1295,Africa,Toys,2019-03,58.0,21335.5
1296,Africa,Toys,2019-04,23.0,6693.68
1297,Africa,Toys,2019-05,42.0,22431.54
1298,Africa,Toys,2019-06,13.0,1369.92
1299,Africa,Toys,2019-07,11.0,3986.8199999999997
1300,Africa,Toys,2019-08,26.0,7194.07
1301,Africa,Toys,2019-09,10.0,4497.66
1302,Africa,Toys,2019-10,25.0,15912.92
1303,Africa,Toys,2019-12,23.0,13320.52
1304,Africa,Toys,2020-01,7.0,1044.94
1305,Africa,Toys,2020-02,18.0,9001.64
1306,Africa,Toys,2020-03,30.0,15735.45
1307,Africa,Toys,2020-04,12.0,5608.28
1308,Africa,Toys,2020-05,4.0,2583.2999999999997
1309,Africa,Toys,2020-06,5.0,228.0
1310,Africa,Toys,2020-07,20.0,8431.599999999999
1311,Africa,Toys,2020-08,,
1312,Africa,Toys,2020-09,2.0,721.68
1313,Africa,Toys,2020-10,,
1314,Africa,Toys,2020-11,16.0,7814.71
1315,Africa,Toys,2020-12,5.0,1699.2
1316,Africa,Toys,2016-07,,
1317,Africa,Toys,2016-08,,
1318,Africa,Toys,2017-11,20.0,8894.369999999999
1319,Africa,Toys,2019-11,15.0,3290.3999999999996
1320,Antarctica,Automotive,2016-01,,
1321,Antarctica,Automotive,2016-02,8.0,453.6
1322,Antarctica,Automotive,2016-03,,
1323,Antarctica,Automotive,2016-04,,
1324,Antarctica,Automotive,2016-05,,
1325,Antarctica,Automotive,2016-06,,
1326,Antarctica,Automotive,2016-09,,
1327,Antarctica,Automotive,2016-10,,
1328,Antarctica,Automotive,2016-11,,
1329,Antarctica,Automotive,2016-12,4.0,1936.8
1330,Antarctica,Automotive,2017-01,,
1331,Antarctica,Automotive,2017-02,,
1332,Antarctica,Automotive,2017-03,9.0,6202.169999999999
1333,Antarctica,Automotive,2017-04,7.0,6218.1
1334,Antarctica,Automotive,2017-05,,
1335,Antarctica,Automotive,2017-06,,
1336,Antarctica,Automotive,2017-07,3.0,2113.86
1337,Antarctica,Automotive,2017-08,,
1338,Antarctica,Automotive,2017-09,,
1339,Antarctica,Automotive,2017-10,2.0,606.0600000000001
1340,Antarctica,Automotive,2017-12,,
1341,Antarctica,Automotive,2018-01,3.0,1553.25
1342,Antarctica,Automotive,2018-02,,
1343,Antarctica,Automotive,2018-03,,
1344,Antarctica,Automotive,2018-04,,
1345,Antarctica,Automotive,2018-05,5.0,3771.9
1346,Antarctica,Automotive,2018-06,,
1347,Antarctica,Automotive,2018-07,2.0,647.04
1348,Antarctica,Automotive,2018-08,7.0,2125.3399999999997
1349,Antarctica,Automotive,2018-09,,
1350,Antarctica,Automotive,2018-10,,
1351,Antarctica,Automotive,2018-11,,
1352,Antarctica,Automotive,2018-12,,
1353,Antarctica,Automotive,2019-01,,
1354,Antarctica,Automotive,2019-02,,
1355,Antarctica,Automotive,2019-03,,
1356,Antarctica,Automotive,2019-04,,
1357,Antarctica,Automotive,2019-05,,
1358,Antarctica,Automotive,2019-06,,
1359,Antarctica,Automotive,2019-07,,
1360,Antarctica,Automotive,2019-08,,
1361,Antarctica,Automotive,2019-09,4.0,3249.68
1362,Antarctica,Automotive,2019-10,5.0,1048.1
1363,Antarctica,Automotive,2019-12,,
1364,Antarctica,Automotive,2020-01,3.0,1878.24
1365,Antarctica,Automotive,2020-02,,
1366,Antarctica,Automotive,2020-03,,
1367,Antarctica,Automotive,2020-04,,
1368,Antarctica,Automotive,2020-05,,
1369,Antarctica,Automotive,2020-06,,
1370,Antarctica,Automotive,2020-07,,
1371,Antarctica,Automotive,2020-08,,
1372,Antarctica,Automotive,2020-09,,
1373,Antarctica,Automotive,2020-10,,
1374,Antarctica,Automotive,2020-11,,
1375,Antarctica,Automotive,2020-12,,
1376,Antarctica,Automotive,2016-07,,
1377,Antarctica,Automotive,2016-08,,
1378,Antarctica,Automotive,2017-11,,
1379,Antarctica,Automotive,2019-11,8.0,6882.48
1380,Antarctica,Baby,2016-01,,
1381,Antarctica,Baby,2016-02,,
1382,Antarctica,Baby,2016-03,,
1383,Antarctica,Baby,2016-04,,
1384,Antarctica,Baby,2016-05,,
1385,Antarctica,Baby,2016-06,3.0,2640.33
1386,Antarctica,Baby,2016-09,8.0,468.47999999999996
1387,Antarctica,Baby,2016-10,,
1388,Antarctica,Baby,2016-11,,
1389,Antarctica,Baby,2016-12,,
1390,Antarctica,Baby,2017-01,,
1391,Antarctica,Baby,2017-02,,
1392,Antarctica,Baby,2017-03,,
1393,Antarctica,Baby,2017-04,9.0,5104.349999999999
1394,Antarctica,Baby,2017-05,8.0,3945.0299999999997
1395,Antarctica,Baby,2017-06,3.0,763.1999999999999
1396,Antarctica,Baby,2017-07,,
1397,Antarctica,Baby,2017-08,,
1398,Antarctica,Baby,2017-09,,
1399,Antarctica,Baby,2017-10,10.0,2649.6
1400,Antarctica,Baby,2017-12,,
1401,Antarctica,Baby,2018-01,,
1402,Antarctica,Baby,2018-02,,
1403,Antarctica,Baby,2018-03,7.0,6031.549999999999
1404,Antarctica,Baby,2018-04,,
1405,Antarctica,Baby,2018-05,,
1406,Antarctica,Baby,2018-06,3.0,1174.5
1407,Antarctica,Baby,2018-07,,
1408,Antarctica,Baby,2018-08,10.0,7744.1
1409,Antarctica,Baby,2018-09,,
1410,Antarctica,Baby,2018-10,7.0,2079.0
1411,Antarctica,Baby,2018-11,,
1412,Antarctica,Baby,2018-12,,
1413,Antarctica,Baby,2019-01,,
1414,Antarctica,Baby,2019-02,,
1415,Antarctica,Baby,2019-03,,
1416,Antarctica,Baby,2019-04,,
1417,Antarctica,Baby,2019-05,,
1418,Antarctica,Baby,2019-06,1.0,485.94
1419,Antarctica,Baby,2019-07,,
1420,Antarctica,Baby,2019-08,5.0,2126.4
1421,Antarctica,Baby,2019-09,,
1422,Antarctica,Baby,2019-10,,
1423,Antarctica,Baby,2019-12,,
1424,Antarctica,Baby,2020-01,,
1425,Antarctica,Baby,2020-02,,
1426,Antarctica,Baby,2020-03,,
1427,Antarctica,Baby,2020-04,,
1428,Antarctica,Baby,2020-05,2.0,776.16
1429,Antarctica,Baby,2020-06,,
1430,Antarctica,Baby,2020-07,,
1431,Antarctica,Baby,2020-08,,
1432,Antarctica,Baby,2020-09,,
1433,Antarctica,Baby,2020-10,,
1434,Antarctica,Baby,2020-11,,
1435,Antarctica,Baby,2020-12,,
1436,Antarctica,Baby,2016-07,1.0,593.88
1437,Antarctica,Baby,2016-08,,
1438,Antarctica,Baby,2017-11,,
1439,Antarctica,Baby,2019-11,,
1440,Antarctica,Beauty,2016-01,,
1441,Antarctica,Beauty,2016-02,,
1442,Antarctica,Beauty,2016-03,,
1443,Antarctica,Beauty,2016-04,10.0,8736.0
1444,Antarctica,Beauty,2016-05,,
1445,Antarctica,Beauty,2016-06,,
1446,Antarctica,Beauty,2016-09,8.0,1601.6000000000001
1447,Antarctica,Beauty,2016-10,,
1448,Antarctica,Beauty,2016-11,,
1449,Antarctica,Beauty,2016-12,,
1450,Antarctica,Beauty,2017-01,,
1451,Antarctica,Beauty,2017-02,,
1452,Antarctica,Beauty,2017-03,,
1453,Antarctica,Beauty,2017-04,,
1454,Antarctica,Beauty,2017-05,,
1455,Antarctica,Beauty,2017-06,,
1456,Antarctica,Beauty,2017-07,,
1457,Antarctica,Beauty,2017-08,7.0,3084.76
1458,Antarctica,Beauty,2017-09,9.0,1418.2
1459,Antarctica,Beauty,2017-10,16.0,10000.04
1460,Antarctica,Beauty,2017-12,,
1461,Antarctica,Beauty,2018-01,,
1462,Antarctica,Beauty,2018-02,,
1463,Antarctica,Beauty,2018-03,,
1464,Antarctica,Beauty,2018-04,5.0,596.9
1465,Antarctica,Beauty,2018-05,,
1466,Antarctica,Beauty,2018-06,,
1467,Antarctica,Beauty,2018-07,1.0,69.16
1468,Antarctica,Beauty,2018-08,,
1469,Antarctica,Beauty,2018-09,,
1470,Antarctica,Beauty,2018-10,,
1471,Antarctica,Beauty,2018-11,,
1472,Antarctica,Beauty,2018-12,,
1473,Antarctica,Beauty,2019-01,,
1474,Antarctica,Beauty,2019-02,,
1475,Antarctica,Beauty,2019-03,,
1476,Antarctica,Beauty,2019-04,10.0,3369.6
1477,Antarctica,Beauty,2019-05,,
1478,Antarctica,Beauty,2019-06,,
1479,Antarctica,Beauty,2019-07,,
1480,Antarctica,Beauty,2019-08,6.0,5144.7
1481,Antarctica,Beauty,2019-09,,
1482,Antarctica,Beauty,2019-10,,
1483,Antarctica,Beauty,2019-12,,
1484,Antarctica,Beauty,2020-01,,
1485,Antarctica,Beauty,2020-02,3.0,1375.92
1486,Antarctica,Beauty,2020-03,5.0,3613.0499999999997
1487,Antarctica,Beauty,2020-04,,
1488,Antarctica,Beauty,2020-05,9.0,4206.24
1489,Antarctica,Beauty,2020-06,,
1490,Antarctica,Beauty,2020-07,,
1491,Antarctica,Beauty,2020-08,,
1492,Antarctica,Beauty,2020-09,,
1493,Antarctica,Beauty,2020-10,,
1494,Antarctica,Beauty,2020-11,,
1495,Antarctica,Beauty,2020-12,,
1496,Antarctica,Beauty,2016-07,,
1497,Antarctica,Beauty,2016-08,,
1498,Antarctica,Beauty,2017-11,,
1499,Antarctica,Beauty,2019-11,,
1500,Antarctica,Books,2016-01,5.0,1092.5
1501,Antarctica,Books,2016-02,,
1502,Antarctica,Books,2016-03,,
1503,Antarctica,Books,2016-04,,
1504,Antarctica,Books,2016-05,,
1505,Antarctica,Books,2016-06,5.0,3393.6
1506,Antarctica,Books,2016-09,,
1507,Antarctica,Books,2016-10,,
1508,Antarctica,Books,2016-11,,
1509,Antarctica,Books,2016-12,7.0,101.92
1510,Antarctica,Books,2017-01,,
1511,Antarctica,Books,2017-02,,
1512,Antarctica,Books,2017-03,,
1513,Antarctica,Books,2017-04,,
1514,Antarctica,Books,2017-05,,
1515,Antarctica,Books,2017-06,,
1516,Antarctica,Books,2017-07,10.0,8047.900000000001
1517,Antarctica,Books,2017-08,,
1518,Antarctica,Books,2017-09,,
1519,Antarctica,Books,2017-10,,
1520,Antarctica,Books,2017-12,,
1521,Antarctica,Books,2018-01,,
1522,Antarctica,Books,2018-02,9.0,8696.16
1523,Antarctica,Books,2018-03,,
1524,Antarctica,Books,2018-04,,
1525,Antarctica,Books,2018-05,,
1526,Antarctica,Books,2018-06,8.0,3643.2000000000003
1527,Antarctica,Books,2018-07,,
1528,Antarctica,Books,2018-08,,
1529,Antarctica,Books,2018-09,,
1530,Antarctica,Books,2018-10,,
1531,Antarctica,Books,2018-11,,
1532,Antarctica,Books,2018-12,,
1533,Antarctica,Books,2019-01,,
1534,Antarctica,Books,2019-02,3.0,1778.01
1535,Antarctica,Books,2019-03,3.0,835.38
1536,Antarctica,Books,2019-04,,
1537,Antarctica,Books,2019-05,,
1538,Antarctica,Books,2019-06,,
1539,Antarctica,Books,2019-07,,
1540,Antarctica,Books,2019-08,1.0,189.15
1541,Antarctica,Books,2019-09,,
1542,Antarctica,Books,2019-10,,
1543,Antarctica,Books,2019-12,1.0,60.76
1544,Antarctica,Books,2020-01,,
1545,Antarctica,Books,2020-02,,
1546,Antarctica,Books,2020-03,16.0,9456.96
1547,Antarctica,Books,2020-04,,
1548,Antarctica,Books,2020-05,,
1549,Antarctica,Books,2020-06,4.0,717.9599999999999
1550,Antarctica,Books,2020-07,,
1551,Antarctica,Books,2020-08,2.0,586.56
1552,Antarctica,Books,2020-09,,
1553,Antarctica,Books,2020-10,,
1554,Antarctica,Books,2020-11,,
1555,Antarctica,Books,2020-12,,
1556,Antarctica,Books,2016-07,,
1557,Antarctica,Books,2016-08,,
1558,Antarctica,Books,2017-11,2.0,1370.46
1559,Antarctica,Books,2019-11,4.0,1126.0800000000002
1560,Antarctica,Clothing,2016-01,,
1561,Antarctica,Clothing,2016-02,,
1562,Antarctica,Clothing,2016-03,,
1563,Antarctica,Clothing,2016-04,4.0,1760.4
1564,Antarctica,Clothing,2016-05,,
1565,Antarctica,Clothing,2016-06,,
1566,Antarctica,Clothing,2016-09,,
1567,Antarctica,Clothing,2016-10,5.0,14.399999999999999
1568,Antarctica,Clothing,2016-11,,
1569,Antarctica,Clothing,2016-12,,
1570,Antarctica,Clothing,2017-01,,
1571,Antarctica,Clothing,2017-02,,
1572,Antarctica,Clothing,2017-03,,
1573,Antarctica,Clothing,2017-04,,
1574,Antarctica,Clothing,2017-05,,
1575,Antarctica,Clothing,2017-06,,
1576,Antarctica,Clothing,2017-07,,
1577,Antarctica,Clothing,2017-08,,
1578,Antarctica,Clothing,2017-09,,
1579,Antarctica,Clothing,2017-10,9.0,3413.34
1580,Antarctica,Clothing,2017-12,,
1581,Antarctica,Clothing,2018-01,,
1582,Antarctica,Clothing,2018-02,,
1583,Antarctica,Clothing,2018-03,3.0,1759.6799999999998
1584,Antarctica,Clothing,2018-04,4.0,2316.16
1585,Antarctica,Clothing,2018-05,3.0,2475.7200000000003
1586,Antarctica,Clothing,2018-06,,
1587,Antarctica,Clothing,2018-07,,
1588,Antarctica,Clothing,2018-08,2.0,242.88000000000002
1589,Antarctica,Clothing,2018-09,,
1590,Antarctica,Clothing,2018-10,,
1591,Antarctica,Clothing,2018-11,,
1592,Antarctica,Clothing,2018-12,,
1593,Antarctica,Clothing,2019-01,1.0,958.3199999999999
1594,Antarctica,Clothing,2019-02,,
1595,Antarctica,Clothing,2019-03,,
1596,Antarctica,Clothing,2019-04,,
1597,Antarctica,Clothing,2019-05,,
1598,Antarctica,Clothing,2019-06,4.0,2008.32
1599,Antarctica,Clothing,2019-07,,
1600,Antarctica,Clothing,2019-08,,
1601,Antarctica,Clothing,2019-09,,
1602,Antarctica,Clothing,2019-10,,
1603,Antarctica,Clothing,2019-12,,
1604,Antarctica,Clothing,2020-01,,
1605,Antarctica,Clothing,2020-02,,
1606,Antarctica,Clothing,2020-03,,
1607,Antarctica,Clothing,2020-04,,
1608,Antarctica,Clothing,2020-05,,
1609,Antarctica,Clothing,2020-06,9.0,7699.86
1610,Antarctica,Clothing,2020-07,,
1611,Antarctica,Clothing,2020-08,,
1612,Antarctica,Clothing,2020-09,,
1613,Antarctica,Clothing,2020-10,5.0,1386.7
1614,Antarctica,Clothing,2020-11,,
1615,Antarctica,Clothing,2020-12,,
1616,Antarctica,Clothing,2016-07,5.0,1343.85
1617,Antarctica,Clothing,2016-08,,
1618,Antarctica,Clothing,2017-11,,
1619,Antarctica,Clothing,2019-11,,
1620,Antarctica,Computers,2016-01,5.0,897.6999999999999
1621,Antarctica,Computers,2016-02,,
1622,Antarctica,Computers,2016-03,,
1623,Antarctica,Computers,2016-04,,
1624,Antarctica,Computers,2016-05,,
1625,Antarctica,Computers,2016-06,,
1626,Antarctica,Computers,2016-09,,
1627,Antarctica,Computers,2016-10,,
1628,Antarctica,Computers,2016-11,8.0,2082.08
1629,Antarctica,Computers,2016-12,,
1630,Antarctica,Computers,2017-01,,
1631,Antarctica,Computers,2017-02,,
1632,Antarctica,Computers,2017-03,,
1633,Antarctica,Computers,2017-04,,
1634,Antarctica,Computers,2017-05,,
1635,Antarctica,Computers,2017-06,9.0,7690.41
1636,Antarctica,Computers,2017-07,,
1637,Antarctica,Computers,2017-08,9.0,1711.08
1638,Antarctica,Computers,2017-09,,
1639,Antarctica,Computers,2017-10,10.0,8681.5
1640,Antarctica,Computers,2017-12,,
1641,Antarctica,Computers,2018-01,,
1642,Antarctica,Computers,2018-02,,
1643,Antarctica,Computers,2018-03,7.0,5061.84
1644,Antarctica,Computers,2018-04,,
1645,Antarctica,Computers,2018-05,,
1646,Antarctica,Computers,2018-06,,
1647,Antarctica,Computers,2018-07,3.0,1317.6000000000001
1648,Antarctica,Computers,2018-08,,
1649,Antarctica,Computers,2018-09,,
1650,Antarctica,Computers,2018-10,,
1651,Antarctica,Computers,2018-11,3.0,1288.56
1652,Antarctica,Computers,2018-12,,
1653,Antarctica,Computers,2019-01,5.0,9.5
1654,Antarctica,Computers,2019-02,,
1655,Antarctica,Computers,2019-03,,
1656,Antarctica,Computers,2019-04,,
1657,Antarctica,Computers,2019-05,,
1658,Antarctica,Computers,2019-06,,
1659,Antarctica,Computers,2019-07,10.0,6579.0
1660,Antarctica,Computers,2019-08,,
1661,Antarctica,Computers,2019-09,,
1662,Antarctica,Computers,2019-10,,
1663,Antarctica,Computers,2019-12,,
1664,Antarctica,Computers,2020-01,,
1665,Antarctica,Computers,2020-02,6.0,2234.88
1666,Antarctica,Computers,2020-03,5.0,4032.75
1667,Antarctica,Computers,2020-04,,
1668,Antarctica,Computers,2020-05,,
1669,Antarctica,Computers,2020-06,,
1670,Antarctica,Computers,2020-07,4.0,2355.08
1671,Antarctica,Computers,2020-08,,
1672,Antarctica,Computers,2020-09,9.0,2889.7200000000003
1673,Antarctica,Computers,2020-10,,
1674,Antarctica,Computers,2020-11,6.0,2659.74
1675,Antarctica,Computers,2020-12,,
1676,Antarctica,Computers,2016-07,,
1677,Antarctica,Computers,2016-08,,
1678,Antarctica,Computers,2017-11,,
1679,Antarctica,Computers,2019-11,2.0,504.05999999999995
1680,Antarctica,Electronics,2016-01,,
1681,Antarctica,Electronics,2016-02,,
1682,Antarctica,Electronics,2016-03,,
1683,Antarctica,Electronics,2016-04,,
1684,Antarctica,Electronics,2016-05,,
1685,Antarctica,Electronics,2016-06,,
1686,Antarctica,Electronics,2016-09,,
1687,Antarctica,Electronics,2016-10,,
1688,Antarctica,Electronics,2016-11,10.0,6191.6
1689,Antarctica,Electronics,2016-12,,
1690,Antarctica,Electronics,2017-01,,
1691,Antarctica,Electronics,2017-02,,
1692,Antarctica,Electronics,2017-03,,
1693,Antarctica,Electronics,2017-04,,
1694,Antarctica,Electronics,2017-05,6.0,3358.08
1695,Antarctica,Electronics,2017-06,,
1696,Antarctica,Electronics,2017-07,,
1697,Antarctica,Electronics,2017-08,,
1698,Antarctica,Electronics,2017-09,,
1699,Antarctica,Electronics,2017-10,,
1700,Antarctica,Electronics,2017-12,,
1701,Antarctica,Electronics,2018-01,,
1702,Antarctica,Electronics,2018-02,4.0,2278.8
1703,Antarctica,Electronics,2018-03,,
1704,Antarctica,Electronics,2018-04,,
1705,Antarctica,Electronics,2018-05,,
1706,Antarctica,Electronics,2018-06,,
1707,Antarctica,Electronics,2018-07,,
1708,Antarctica,Electronics,2018-08,,
1709,Antarctica,Electronics,2018-09,,
1710,Antarctica,Electronics,2018-10,,
1711,Antarctica,Electronics,2018-11,,
1712,Antarctica,Electronics,2018-12,9.0,2169.72
1713,Antarctica,Electronics,2019-01,,
1714,Antarctica,Electronics,2019-02,,
1715,Antarctica,Electronics,2019-03,7.0,5247.900000000001
1716,Antarctica,Electronics,2019-04,,
1717,Antarctica,Electronics,2019-05,,
1718,Antarctica,Electronics,2019-06,,
1719,Antarctica,Electronics,2019-07,,
1720,Antarctica,Electronics,2019-08,,
1721,Antarctica,Electronics,2019-09,,
1722,Antarctica,Electronics,2019-10,1.0,237.36
1723,Antarctica,Electronics,2019-12,16.0,8585.08
1724,Antarctica,Electronics,2020-01,,
1725,Antarctica,Electronics,2020-02,16.0,7678.959999999999
1726,Antarctica,Electronics,2020-03,,
1727,Antarctica,Electronics,2020-04,,
1728,Antarctica,Electronics,2020-05,,
1729,Antarctica,Electronics,2020-06,,
1730,Antarctica,Electronics,2020-07,,
1731,Antarctica,Electronics,2020-08,,
1732,Antarctica,Electronics,2020-09,2.0,716.4
1733,Antarctica,Electronics,2020-10,,
1734,Antarctica,Electronics,2020-11,10.0,8977.0
1735,Antarctica,Electronics,2020-12,,
1736,Antarctica,Electronics,2016-07,,
1737,Antarctica,Electronics,2016-08,,
1738,Antarctica,Electronics,2017-11,,
1739,Antarctica,Electronics,2019-11,,
1740,Antarctica,Games,2016-01,,
1741,Antarctica,Games,2016-02,,
1742,Antarctica,Games,2016-03,3.0,2028.51
1743,Antarctica,Games,2016-04,9.0,7173.45
1744,Antarctica,Games,2016-05,,
1745,Antarctica,Games,2016-06,,
1746,Antarctica,Games,2016-09,10.0,5602.4
1747,Antarctica,Games,2016-10,,
1748,Antarctica,Games,2016-11,,
1749,Antarctica,Games,2016-12,,
1750,Antarctica,Games,2017-01,,
1751,Antarctica,Games,2017-02,,
1752,Antarctica,Games,2017-03,,
1753,Antarctica,Games,2017-04,,
1754,Antarctica,Games,2017-05,,
1755,Antarctica,Games,2017-06,,
1756,Antarctica,Games,2017-07,,
1757,Antarctica,Games,2017-08,2.0,1286.3
1758,Antarctica,Games,2017-09,,
1759,Antarctica,Games,2017-10,,
1760,Antarctica,Games,2017-12,,
1761,Antarctica,Games,2018-01,,
1762,Antarctica,Games,2018-02,,
1763,Antarctica,Games,2018-03,,
1764,Antarctica,Games,2018-04,,
1765,Antarctica,Games,2018-05,,
1766,Antarctica,Games,2018-06,,
1767,Antarctica,Games,2018-07,,
1768,Antarctica,Games,2018-08,,
1769,Antarctica,Games,2018-09,,
1770,Antarctica,Games,2018-10,3.0,987.0
1771,Antarctica,Games,2018-11,,
1772,Antarctica,Games,2018-12,,
1773,Antarctica,Games,2019-01,,
1774,Antarctica,Games,2019-02,,
1775,Antarctica,Games,2019-03,,
1776,Antarctica,Games,2019-04,,
1777,Antarctica,Games,2019-05,7.0,1143.45
1778,Antarctica,Games,2019-06,5.0,4233.6
1779,Antarctica,Games,2019-07,,
1780,Antarctica,Games,2019-08,,
1781,Antarctica,Games,2019-09,,
1782,Antarctica,Games,2019-10,,
1783,Antarctica,Games,2019-12,,
1784,Antarctica,Games,2020-01,,
1785,Antarctica,Games,2020-02,,
1786,Antarctica,Games,2020-03,,
1787,Antarctica,Games,2020-04,,
1788,Antarctica,Games,2020-05,,
1789,Antarctica,Games,2020-06,,
1790,Antarctica,Games,2020-07,8.0,5890.5599999999995
1791,Antarctica,Games,2020-08,1.0,657.06
1792,Antarctica,Games,2020-09,,
1793,Antarctica,Games,2020-10,8.0,2428.88
1794,Antarctica,Games,2020-11,,
1795,Antarctica,Games,2020-12,1.0,485.76
1796,Antarctica,Games,2016-07,9.0,3278.88
1797,Antarctica,Games,2016-08,,
1798,Antarctica,Games,2017-11,,
1799,Antarctica,Games,2019-11,,
1800,Antarctica,Garden,2016-01,,
1801,Antarctica,Garden,2016-02,,
1802,Antarctica,Garden,2016-03,,
1803,Antarctica,Garden,2016-04,,
1804,Antarctica,Garden,2016-05,,
1805,Antarctica,Garden,2016-06,,
1806,Antarctica,Garden,2016-09,,
1807,Antarctica,Garden,2016-10,,
1808,Antarctica,Garden,2016-11,,
1809,Antarctica,Garden,2016-12,,
1810,Antarctica,Garden,2017-01,,
1811,Antarctica,Garden,2017-02,,
1812,Antarctica,Garden,2017-03,,
1813,Antarctica,Garden,2017-04,10.0,9256.5
1814,Antarctica,Garden,2017-05,,
1815,Antarctica,Garden,2017-06,4.0,443.67999999999995
1816,Antarctica,Garden,2017-07,8.0,2074.8
1817,Antarctica,Garden,2017-08,,
1818,Antarctica,Garden,2017-09,2.0,666.08
1819,Antarctica,Garden,2017-10,,
1820,Antarctica,Garden,2017-12,2.0,1354.12
1821,Antarctica,Garden,2018-01,,
1822,Antarctica,Garden,2018-02,,
1823,Antarctica,Garden,2018-03,,
1824,Antarctica,Garden,2018-04,,
1825,Antarctica,Garden,2018-05,,
1826,Antarctica,Garden,2018-06,,
1827,Antarctica,Garden,2018-07,10.0,3916.15
1828,Antarctica,Garden,2018-08,4.0,2233.44
1829,Antarctica,Garden,2018-09,,
1830,Antarctica,Garden,2018-10,,
1831,Antarctica,Garden,2018-11,,
1832,Antarctica,Garden,2018-12,,
1833,Antarctica,Garden,2019-01,,
1834,Antarctica,Garden,2019-02,,
1835,Antarctica,Garden,2019-03,,
1836,Antarctica,Garden,2019-04,,
1837,Antarctica,Garden,2019-05,2.0,134.64
1838,Antarctica,Garden,2019-06,,
1839,Antarctica,Garden,2019-07,,
1840,Antarctica,Garden,2019-08,,
1841,Antarctica,Garden,2019-09,,
1842,Antarctica,Garden,2019-10,4.0,560.56
1843,Antarctica,Garden,2019-12,,
1844,Antarctica,Garden,2020-01,,
1845,Antarctica,Garden,2020-02,,
1846,Antarctica,Garden,2020-03,,
1847,Antarctica,Garden,2020-04,,
1848,Antarctica,Garden,2020-05,,
1849,Antarctica,Garden,2020-06,,
1850,Antarctica,Garden,2020-07,,
1851,Antarctica,Garden,2020-08,,
1852,Antarctica,Garden,2020-09,,
1853,Antarctica,Garden,2020-10,,
1854,Antarctica,Garden,2020-11,,
1855,Antarctica,Garden,2020-12,,
1856,Antarctica,Garden,2016-07,,
1857,Antarctica,Garden,2016-08,,
1858,Antarctica,Garden,2017-11,3.0,197.88
1859,Antarctica,Garden,2019-11,1.0,526.68
1860,Antarctica,Grocery,2016-01,,
1861,Antarctica,Grocery,2016-02,,
1862,Antarctica,Grocery,2016-03,,
1863,Antarctica,Grocery,2016-04,,
1864,Antarctica,Grocery,2016-05,8.0,2556.0
1865,Antarctica,Grocery,2016-06,,
1866,Antarctica,Grocery,2016-09,,
1867,Antarctica,Grocery,2016-10,,
1868,Antarctica,Grocery,2016-11,,
1869,Antarctica,Grocery,2016-12,,
1870,Antarctica,Grocery,2017-01,,
1871,Antarctica,Grocery,2017-02,,
1872,Antarctica,Grocery,2017-03,8.0,7253.999999999999
1873,Antarctica,Grocery,2017-04,7.0,4468.8
1874,Antarctica,Grocery,2017-05,,
1875,Antarctica,Grocery,2017-06,,
1876,Antarctica,Grocery,2017-07,,
1877,Antarctica,Grocery,2017-08,,
1878,Antarctica,Grocery,2017-09,,
1879,Antarctica,Grocery,2017-10,10.0,6920.1
1880,Antarctica,Grocery,2017-12,,
1881,Antarctica,Grocery,2018-01,,
1882,Antarctica,Grocery,2018-02,,
1883,Antarctica,Grocery,2018-03,,
1884,Antarctica,Grocery,2018-04,7.0,3749.7599999999998
1885,Antarctica,Grocery,2018-05,,
1886,Antarctica,Grocery,2018-06,3.0,2028.51
1887,Antarctica,Grocery,2018-07,,
1888,Antarctica,Grocery,2018-08,,
1889,Antarctica,Grocery,2018-09,,
1890,Antarctica,Grocery,2018-10,3.0,2631.06
1891,Antarctica,Grocery,2018-11,,
1892,Antarctica,Grocery,2018-12,,
1893,Antarctica,Grocery,2019-01,,
1894,Antarctica,Grocery,2019-02,3.0,2687.5499999999997
1895,Antarctica,Grocery,2019-03,,
1896,Antarctica,Grocery,2019-04,7.0,3862.4599999999996
1897,Antarctica,Grocery,2019-05,,
1898,Antarctica,Grocery,2019-06,,
1899,Antarctica,Grocery,2019-07,,
1900,Antarctica,Grocery,2019-08,,
1901,Antarctica,Grocery,2019-09,,
1902,Antarctica,Grocery,2019-10,9.0,1233.72
1903,Antarctica,Grocery,2019-12,,
1904,Antarctica,Grocery,2020-01,,
1905,Antarctica,Grocery,2020-02,,
1906,Antarctica,Grocery,2020-03,,
1907,Antarctica,Grocery,2020-04,,
1908,Antarctica,Grocery,2020-05,,
1909,Antarctica,Grocery,2020-06,,
1910,Antarctica,Grocery,2020-07,9.0,1547.91
1911,Antarctica,Grocery,2020-08,,
1912,Antarctica,Grocery,2020-09,,
1913,Antarctica,Grocery,2020-10,9.0,7385.58
1914,Antarctica,Grocery,2020-11,,
1915,Antarctica,Grocery,2020-12,,
1916,Antarctica,Grocery,2016-07,,
1917,Antarctica,Grocery,2016-08,,
1918,Antarctica,Grocery,2017-11,,
1919,Antarctica,Grocery,2019-11,,
1920,Antarctica,Health,2016-01,,
1921,Antarctica,Health,2016-02,,
1922,Antarctica,Health,2016-03,,
1923,Antarctica,Health,2016-04,,
1924,Antarctica,Health,2016-05,,
1925,Antarctica,Health,2016-06,,
1926,Antarctica,Health,2016-09,,
1927,Antarctica,Health,2016-10,,
1928,Antarctica,Health,2016-11,,
1929,Antarctica,Health,2016-12,,
1930,Antarctica,Health,2017-01,,
1931,Antarctica,Health,2017-02,,
1932,Antarctica,Health,2017-03,,
1933,Antarctica,Health,2017-04,,
1934,Antarctica,Health,2017-05,,
1935,Antarctica,Health,2017-06,,
1936,Antarctica,Health,2017-07,,
1937,Antarctica,Health,2017-08,,
1938,Antarctica,Health,2017-09,,
1939,Antarctica,Health,2017-10,,
1940,Antarctica,Health,2017-12,,
1941,Antarctica,Health,2018-01,,
1942,Antarctica,Health,2018-02,,
1943,Antarctica,Health,2018-03,7.0,3741.29
1944,Antarctica,Health,2018-04,,
1945,Antarctica,Health,2018-05,,
1946,Antarctica,Health,2018-06,,
1947,Antarctica,Health,2018-07,,
1948,Antarctica,Health,2018-08,,
1949,Antarctica,Health,2018-09,,
1950,Antarctica,Health,2018-10,,
1951,Antarctica,Health,2018-11,8.0,5629.44
1952,Antarctica,Health,2018-12,4.0,69.84
1953,Antarctica,Health,2019-01,,
1954,Antarctica,Health,2019-02,,
1955,Antarctica,Health,2019-03,,
1956,Antarctica,Health,2019-04,,
1957,Antarctica,Health,2019-05,,
1958,Antarctica,Health,2019-06,,
1959,Antarctica,Health,2019-07,,
1960,Antarctica,Health,2019-08,,
1961,Antarctica,Health,2019-09,9.0,1906.74
1962,Antarctica,Health,2019-10,,
1963,Antarctica,Health,2019-12,,
1964,Antarctica,Health,2020-01,,
1965,Antarctica,Health,2020-02,,
1966,Antarctica,Health,2020-03,,
1967,Antarctica,Health,2020-04,,
1968,Antarctica,Health,2020-05,,
1969,Antarctica,Health,2020-06,8.0,3764.64
1970,Antarctica,Health,2020-07,,
1971,Antarctica,Health,2020-08,11.0,5806.0
1972,Antarctica,Health,2020-09,8.0,1732.8
1973,Antarctica,Health,2020-10,,
1974,Antarctica,Health,2020-11,,
1975,Antarctica,Health,2020-12,,
1976,Antarctica,Health,2016-07,,
1977,Antarctica,Health,2016-08,1.0,423.15000000000003
1978,Antarctica,Health,2017-11,9.0,6949.08
1979,Antarctica,Health,2019-11,,
1980,Antarctica,Home,2016-01,,
1981,Antarctica,Home,2016-02,,
1982,Antarctica,Home,2016-03,,
1983,Antarctica,Home,2016-04,,
1984,Antarctica,Home,2016-05,,
1985,Antarctica,Home,2016-06,,
1986,Antarctica,Home,2016-09,,
1987,Antarctica,Home,2016-10,,
1988,Antarctica,Home,2016-11,6.0,2440.8
1989,Antarctica,Home,2016-12,,
1990,Antarctica,Home,2017-01,,
1991,Antarctica,Home,2017-02,,
1992,Antarctica,Home,2017-03,,
1993,Antarctica,Home,2017-04,,
1994,Antarctica,Home,2017-05,,
1995,Antarctica,Home,2017-06,9.0,6055.599999999999
1996,Antarctica,Home,2017-07,2.0,1501.36
1997,Antarctica,Home,2017-08,,
1998,Antarctica,Home,2017-09,,
1999,Antarctica,Home,2017-10,2.0,1035.58
2000,Antarctica,Home,2017-12,,
2001,Antarctica,Home,2018-01,,
2002,Antarctica,Home,2018-02,,
2003,Antarctica,Home,2018-03,4.0,3746.7999999999997
2004,Antarctica,Home,2018-04,14.0,5458.91
2005,Antarctica,Home,2018-05,,
2006,Antarctica,Home,2018-06,,
2007,Antarctica,Home,2018-07,,
2008,Antarctica,Home,2018-08,,
2009,Antarctica,Home,2018-09,,
2010,Antarctica,Home,2018-10,,
2011,Antarctica,Home,2018-11,,
2012,Antarctica,Home,2018-12,,
2013,Antarctica,Home,2019-01,,
2014,Antarctica,Home,2019-02,5.0,187.67999999999998
2015,Antarctica,Home,2019-03,,
2016,Antarctica,Home,2019-04,10.0,5164.599999999999
2017,Antarctica,Home,2019-05,,
2018,Antarctica,Home,2019-06,,
2019,Antarctica,Home,2019-07,,
2020,Antarctica,Home,2019-08,,
2021,Antarctica,Home,2019-09,,
2022,Antarctica,Home,2019-10,,
2023,Antarctica,Home,2019-12,,
2024,Antarctica,Home,2020-01,,
2025,Antarctica,Home,2020-02,,
2026,Antarctica,Home,2020-03,5.0,1837.5
2027,Antarctica,Home,2020-04,,
2028,Antarctica,Home,2020-05,10.0,7481.42
2029,Antarctica,Home,2020-06,,
2030,Antarctica,Home,2020-07,22.0,11512.689999999999
2031,Antarctica,Home,2020-08,,
2032,Antarctica,Home,2020-09,,
2033,Antarctica,Home,2020-10,,
2034,Antarctica,Home,2020-11,8.0,2496.64
2035,Antarctica,Home,2020-12,,
2036,Antarctica,Home,2016-07,,
2037,Antarctica,Home,2016-08,,
2038,Antarctica,Home,2017-11,,
2039,Antarctica,Home,2019-11,,
2040,Antarctica,Industrial,2016-01,,
2041,Antarctica,Industrial,2016-02,,
2042,Antarctica,Industrial,2016-03,,
2043,Antarctica,Industrial,2016-04,14.0,1737.4
2044,Antarctica,Industrial,2016-05,,
2045,Antarctica,Industrial,2016-06,,
2046,Antarctica,Industrial,2016-09,,
2047,Antarctica,Industrial,2016-10,,
2048,Antarctica,Industrial,2016-11,2.0,1067.4
2049,Antarctica,Industrial,2016-12,,
2050,Antarctica,Industrial,2017-01,,
2051,Antarctica,Industrial,2017-02,,
2052,Antarctica,Industrial,2017-03,5.0,3311.55
2053,Antarctica,Industrial,2017-04,,
2054,Antarctica,Industrial,2017-05,14.0,4654.879999999999
2055,Antarctica,Industrial,2017-06,,
2056,Antarctica,Industrial,2017-07,,
2057,Antarctica,Industrial,2017-08,,
2058,Antarctica,Industrial,2017-09,,
2059,Antarctica,Industrial,2017-10,,
2060,Antarctica,Industrial,2017-12,14.0,9980.599999999999
2061,Antarctica,Industrial,2018-01,,
2062,Antarctica,Industrial,2018-02,,
2063,Antarctica,Industrial,2018-03,20.0,10369.32
2064,Antarctica,Industrial,2018-04,,
2065,Antarctica,Industrial,2018-05,,
2066,Antarctica,Industrial,2018-06,,
2067,Antarctica,Industrial,2018-07,,
2068,Antarctica,Industrial,2018-08,,
2069,Antarctica,Industrial,2018-09,,
2070,Antarctica,Industrial,2018-10,,
2071,Antarctica,Industrial,2018-11,,
2072,Antarctica,Industrial,2018-12,1.0,470.25
2073,Antarctica,Industrial,2019-01,5.0,1605.5
2074,Antarctica,Industrial,2019-02,6.0,5356.8
2075,Antarctica,Industrial,2019-03,,
2076,Antarctica,Industrial,2019-04,,
2077,Antarctica,Industrial,2019-05,,
2078,Antarctica,Industrial,2019-06,,
2079,Antarctica,Industrial,2019-07,,
2080,Antarctica,Industrial,2019-08,10.0,2064.8
2081,Antarctica,Industrial,2019-09,,
2082,Antarctica,Industrial,2019-10,,
2083,Antarctica,Industrial,2019-12,2.0,1394.72
2084,Antarctica,Industrial,2020-01,,
2085,Antarctica,Industrial,2020-02,,
2086,Antarctica,Industrial,2020-03,,
2087,Antarctica,Industrial,2020-04,,
2088,Antarctica,Industrial,2020-05,,
2089,Antarctica,Industrial,2020-06,,
2090,Antarctica,Industrial,2020-07,5.0,286.7
2091,Antarctica,Industrial,2020-08,,
2092,Antarctica,Industrial,2020-09,,
2093,Antarctica,Industrial,2020-10,1.0,649.14
2094,Antarctica,Industrial,2020-11,,
2095,Antarctica,Industrial,2020-12,4.0,960.4
2096,Antarctica,Industrial,2016-07,,
2097,Antarctica,Industrial,2016-08,,
2098,Antarctica,Industrial,2017-11,,
2099,Antarctica,Industrial,2019-11,,
2100,Antarctica,Jewelery,2016-01,,
2101,Antarctica,Jewelery,2016-02,,
2102,Antarctica,Jewelery,2016-03,,
2103,Antarctica,Jewelery,2016-04,,
2104,Antarctica,Jewelery,2016-05,,
2105,Antarctica,Jewelery,2016-06,,
2106,Antarctica,Jewelery,2016-09,,
2107,Antarctica,Jewelery,2016-10,,
2108,Antarctica,Jewelery,2016-11,,
2109,Antarctica,Jewelery,2016-12,1.0,38.54
2110,Antarctica,Jewelery,2017-01,,
2111,Antarctica,Jewelery,2017-02,2.0,1210.56
2112,Antarctica,Jewelery,2017-03,,
2113,Antarctica,Jewelery,2017-04,,
2114,Antarctica,Jewelery,2017-05,9.0,826.2
2115,Antarctica,Jewelery,2017-06,,
2116,Antarctica,Jewelery,2017-07,6.0,1466.3999999999999
2117,Antarctica,Jewelery,2017-08,6.0,2013.4799999999998
2118,Antarctica,Jewelery,2017-09,,
2119,Antarctica,Jewelery,2017-10,,
2120,Antarctica,Jewelery,2017-12,,
2121,Antarctica,Jewelery,2018-01,,
2122,Antarctica,Jewelery,2018-02,3.0,172.79999999999998
2123,Antarctica,Jewelery,2018-03,,
2124,Antarctica,Jewelery,2018-04,,
2125,Antarctica,Jewelery,2018-05,,
2126,Antarctica,Jewelery,2018-06,,
2127,Antarctica,Jewelery,2018-07,6.0,5250.96
2128,Antarctica,Jewelery,2018-08,,
2129,Antarctica,Jewelery,2018-09,,
2130,Antarctica,Jewelery,2018-10,6.0,729.5999999999999
2131,Antarctica,Jewelery,2018-11,,
2132,Antarctica,Jewelery,2018-12,2.0,617.76
2133,Antarctica,Jewelery,2019-01,,
2134,Antarctica,Jewelery,2019-02,1.0,272.49
2135,Antarctica,Jewelery,2019-03,,
2136,Antarctica,Jewelery,2019-04,,
2137,Antarctica,Jewelery,2019-05,,
2138,Antarctica,Jewelery,2019-06,4.0,3116.4
2139,Antarctica,Jewelery,2019-07,5.0,742.05
2140,Antarctica,Jewelery,2019-08,,
2141,Antarctica,Jewelery,2019-09,,
2142,Antarctica,Jewelery,2019-10,5.0,3861.0
2143,Antarctica,Jewelery,2019-12,,
2144,Antarctica,Jewelery,2020-01,,
2145,Antarctica,Jewelery,2020-02,,
2146,Antarctica,Jewelery,2020-03,5.0,2288.9
2147,Antarctica,Jewelery,2020-04,,
2148,Antarctica,Jewelery,2020-05,,
2149,Antarctica,Jewelery,2020-06,,
2150,Antarctica,Jewelery,2020-07,5.0,3923.65
2151,Antarctica,Jewelery,2020-08,,
2152,Antarctica,Jewelery,2020-09,,
2153,Antarctica,Jewelery,2020-10,10.0,1947.4
2154,Antarctica,Jewelery,2020-11,,
2155,Antarctica,Jewelery,2020-12,,
2156,Antarctica,Jewelery,2016-07,,
2157,Antarctica,Jewelery,2016-08,,
2158,Antarctica,Jewelery,2017-11,,
2159,Antarctica,Jewelery,2019-11,,
2160,Antarctica,Kids,2016-01,,
2161,Antarctica,Kids,2016-02,,
2162,Antarctica,Kids,2016-03,,
2163,Antarctica,Kids,2016-04,,
2164,Antarctica,Kids,2016-05,,
2165,Antarctica,Kids,2016-06,,
2166,Antarctica,Kids,2016-09,,
2167,Antarctica,Kids,2016-10,,
2168,Antarctica,Kids,2016-11,,
2169,Antarctica,Kids,2016-12,,
2170,Antarctica,Kids,2017-01,,
2171,Antarctica,Kids,2017-02,,
2172,Antarctica,Kids,2017-03,8.0,273.6
2173,Antarctica,Kids,2017-04,8.0,4399.2
2174,Antarctica,Kids,2017-05,2.0,82.8
2175,Antarctica,Kids,2017-06,,
2176,Antarctica,Kids,2017-07,,
2177,Antarctica,Kids,2017-08,,
2178,Antarctica,Kids,2017-09,6.0,2929.5
2179,Antarctica,Kids,2017-10,,
2180,Antarctica,Kids,2017-12,,
2181,Antarctica,Kids,2018-01,,
2182,Antarctica,Kids,2018-02,5.0,95.55
2183,Antarctica,Kids,2018-03,,
2184,Antarctica,Kids,2018-04,,
2185,Antarctica,Kids,2018-05,7.0,311.85
2186,Antarctica,Kids,2018-06,,
2187,Antarctica,Kids,2018-07,,
2188,Antarctica,Kids,2018-08,,
2189,Antarctica,Kids,2018-09,,
2190,Antarctica,Kids,2018-10,,
2191,Antarctica,Kids,2018-11,,
2192,Antarctica,Kids,2018-12,,
2193,Antarctica,Kids,2019-01,6.0,4809.599999999999
2194,Antarctica,Kids,2019-02,,
2195,Antarctica,Kids,2019-03,,
2196,Antarctica,Kids,2019-04,,
2197,Antarctica,Kids,2019-05,,
2198,Antarctica,Kids,2019-06,,
2199,Antarctica,Kids,2019-07,,
2200,Antarctica,Kids,2019-08,,
2201,Antarctica,Kids,2019-09,,
2202,Antarctica,Kids,2019-10,,
2203,Antarctica,Kids,2019-12,,
2204,Antarctica,Kids,2020-01,,
2205,Antarctica,Kids,2020-02,,
2206,Antarctica,Kids,2020-03,,
2207,Antarctica,Kids,2020-04,,
2208,Antarctica,Kids,2020-05,,
2209,Antarctica,Kids,2020-06,,
2210,Antarctica,Kids,2020-07,,
2211,Antarctica,Kids,2020-08,,
2212,Antarctica,Kids,2020-09,,
2213,Antarctica,Kids,2020-10,,
2214,Antarctica,Kids,2020-11,2.0,1022.4
2215,Antarctica,Kids,2020-12,3.0,1719.9
2216,Antarctica,Kids,2016-07,,
2217,Antarctica,Kids,2016-08,,
2218,Antarctica,Kids,2017-11,,
2219,Antarctica,Kids,2019-11,,
2220,Antarctica,Movies,2016-01,,
2221,Antarctica,Movies,2016-02,,
2222,Antarctica,Movies,2016-03,,
2223,Antarctica,Movies,2016-04,4.0,3662.24
2224,Antarctica,Movies,2016-05,,
2225,Antarctica,Movies,2016-06,,
2226,Antarctica,Movies,2016-09,,
2227,Antarctica,Movies,2016-10,,
2228,Antarctica,Movies,2016-11,,
2229,Antarctica,Movies,2016-12,,
2230,Antarctica,Movies,2017-01,,
2231,Antarctica,Movies,2017-02,,
2232,Antarctica,Movies,2017-03,8.0,2496.0
2233,Antarctica,Movies,2017-04,8.0,4557.6
2234,Antarctica,Movies,2017-05,6.0,840.3599999999999
2235,Antarctica,Movies,2017-06,,
2236,Antarctica,Movies,2017-07,,
2237,Antarctica,Movies,2017-08,,
2238,Antarctica,Movies,2017-09,9.0,2326.5
2239,Antarctica,Movies,2017-10,,
2240,Antarctica,Movies,2017-12,2.0,1653.3
2241,Antarctica,Movies,2018-01,,
2242,Antarctica,Movies,2018-02,,
2243,Antarctica,Movies,2018-03,3.0,1643.46
2244,Antarctica,Movies,2018-04,,
2245,Antarctica,Movies,2018-05,,
2246,Antarctica,Movies,2018-06,3.0,926.64
2247,Antarctica,Movies,2018-07,,
2248,Antarctica,Movies,2018-08,,
2249,Antarctica,Movies,2018-09,,
2250,Antarctica,Movies,2018-10,,
2251,Antarctica,Movies,2018-11,,
2252,Antarctica,Movies,2018-12,,
2253,Antarctica,Movies,2019-01,8.0,86.4
2254,Antarctica,Movies,2019-02,,
2255,Antarctica,Movies,2019-03,,
2256,Antarctica,Movies,2019-04,,
2257,Antarctica,Movies,2019-05,3.0,1871.1
2258,Antarctica,Movies,2019-06,,
2259,Antarctica,Movies,2019-07,,
2260,Antarctica,Movies,2019-08,,
2261,Antarctica,Movies,2019-09,10.0,1907.44
2262,Antarctica,Movies,2019-10,,
2263,Antarctica,Movies,2019-12,,
2264,Antarctica,Movies,2020-01,,
2265,Antarctica,Movies,2020-02,,
2266,Antarctica,Movies,2020-03,7.0,5026.5599999999995
2267,Antarctica,Movies,2020-04,,
2268,Antarctica,Movies,2020-05,,
2269,Antarctica,Movies,2020-06,,
2270,Antarctica,Movies,2020-07,,
2271,Antarctica,Movies,2020-08,,
2272,Antarctica,Movies,2020-09,,
2273,Antarctica,Movies,2020-10,,
2274,Antarctica,Movies,2020-11,,
2275,Antarctica,Movies,2020-12,,
2276,Antarctica,Movies,2016-07,,
2277,Antarctica,Movies,2016-08,10.0,5922.0
2278,Antarctica,Movies,2017-11,,
2279,Antarctica,Movies,2019-11,,
2280,Antarctica,Music,2016-01,,
2281,Antarctica,Music,2016-02,,
2282,Antarctica,Music,2016-03,,
2283,Antarctica,Music,2016-04,,
2284,Antarctica,Music,2016-05,,
2285,Antarctica,Music,2016-06,7.0,4299.75
2286,Antarctica,Music,2016-09,,
2287,Antarctica,Music,2016-10,,
2288,Antarctica,Music,2016-11,,
2289,Antarctica,Music,2016-12,,
2290,Antarctica,Music,2017-01,23.0,8878.48
2291,Antarctica,Music,2017-02,,
2292,Antarctica,Music,2017-03,,
2293,Antarctica,Music,2017-04,,
2294,Antarctica,Music,2017-05,,
2295,Antarctica,Music,2017-06,9.0,2694.51
2296,Antarctica,Music,2017-07,,
2297,Antarctica,Music,2017-08,,
2298,Antarctica,Music,2017-09,,
2299,Antarctica,Music,2017-10,,
2300,Antarctica,Music,2017-12,,
2301,Antarctica,Music,2018-01,,
2302,Antarctica,Music,2018-02,,
2303,Antarctica,Music,2018-03,,
2304,Antarctica,Music,2018-04,,
2305,Antarctica,Music,2018-05,6.0,853.2
2306,Antarctica,Music,2018-06,6.0,1018.5
2307,Antarctica,Music,2018-07,,
2308,Antarctica,Music,2018-08,,
2309,Antarctica,Music,2018-09,,
2310,Antarctica,Music,2018-10,,
2311,Antarctica,Music,2018-11,,
2312,Antarctica,Music,2018-12,,
2313,Antarctica,Music,2019-01,,
2314,Antarctica,Music,2019-02,,
2315,Antarctica,Music,2019-03,,
2316,Antarctica,Music,2019-04,,
2317,Antarctica,Music,2019-05,,
2318,Antarctica,Music,2019-06,,
2319,Antarctica,Music,2019-07,,
2320,Antarctica,Music,2019-08,,
2321,Antarctica,Music,2019-09,10.0,4395.3
2322,Antarctica,Music,2019-10,7.0,1843.3799999999999
2323,Antarctica,Music,2019-12,,
2324,Antarctica,Music,2020-01,,
2325,Antarctica,Music,2020-02,2.0,473.40000000000003
2326,Antarctica,Music,2020-03,,
2327,Antarctica,Music,2020-04,10.0,8593.199999999999
2328,Antarctica,Music,2020-05,,
2329,Antarctica,Music,2020-06,,
2330,Antarctica,Music,2020-07,6.0,4062.06
2331,Antarctica,Music,2020-08,,
2332,Antarctica,Music,2020-09,3.0,2456.4
2333,Antarctica,Music,2020-10,,
2334,Antarctica,Music,2020-11,,
2335,Antarctica,Music,2020-12,,
2336,Antarctica,Music,2016-07,5.0,4612.799999999999
2337,Antarctica,Music,2016-08,,
2338,Antarctica,Music,2017-11,,
2339,Antarctica,Music,2019-11,,
2340,Antarctica,Outdoors,2016-01,6.0,1514.8799999999999
2341,Antarctica,Outdoors,2016-02,,
2342,Antarctica,Outdoors,2016-03,,
2343,Antarctica,Outdoors,2016-04,5.0,1462.5
2344,Antarctica,Outdoors,2016-05,,
2345,Antarctica,Outdoors,2016-06,,
2346,Antarctica,Outdoors,2016-09,,
2347,Antarctica,Outdoors,2016-10,,
2348,Antarctica,Outdoors,2016-11,10.0,7144.0
2349,Antarctica,Outdoors,2016-12,,
2350,Antarctica,Outdoors,2017-01,,
2351,Antarctica,Outdoors,2017-02,,
2352,Antarctica,Outdoors,2017-03,4.0,117.76
2353,Antarctica,Outdoors,2017-04,,
2354,Antarctica,Outdoors,2017-05,,
2355,Antarctica,Outdoors,2017-06,,
2356,Antarctica,Outdoors,2017-07,,
2357,Antarctica,Outdoors,2017-08,4.0,2598.96
2358,Antarctica,Outdoors,2017-09,,
2359,Antarctica,Outdoors,2017-10,,
2360,Antarctica,Outdoors,2017-12,,
2361,Antarctica,Outdoors,2018-01,26.0,13729.52
2362,Antarctica,Outdoors,2018-02,,
2363,Antarctica,Outdoors,2018-03,,
2364,Antarctica,Outdoors,2018-04,7.0,5573.259999999999
2365,Antarctica,Outdoors,2018-05,,
2366,Antarctica,Outdoors,2018-06,,
2367,Antarctica,Outdoors,2018-07,,
2368,Antarctica,Outdoors,2018-08,,
2369,Antarctica,Outdoors,2018-09,9.0,5997.599999999999
2370,Antarctica,Outdoors,2018-10,,
2371,Antarctica,Outdoors,2018-11,,
2372,Antarctica,Outdoors,2018-12,,
2373,Antarctica,Outdoors,2019-01,7.0,5941.25
2374,Antarctica,Outdoors,2019-02,,
2375,Antarctica,Outdoors,2019-03,8.0,4968.0
2376,Antarctica,Outdoors,2019-04,9.0,6687.629999999999
2377,Antarctica,Outdoors,2019-05,,
2378,Antarctica,Outdoors,2019-06,,
2379,Antarctica,Outdoors,2019-07,7.0,3994.2000000000003
2380,Antarctica,Outdoors,2019-08,,
2381,Antarctica,Outdoors,2019-09,,
2382,Antarctica,Outdoors,2019-10,,
2383,Antarctica,Outdoors,2019-12,,
2384,Antarctica,Outdoors,2020-01,,
2385,Antarctica,Outdoors,2020-02,,
2386,Antarctica,Outdoors,2020-03,,
2387,Antarctica,Outdoors,2020-04,8.0,4917.2
2388,Antarctica,Outdoors,2020-05,,
2389,Antarctica,Outdoors,2020-06,,
2390,Antarctica,Outdoors,2020-07,,
2391,Antarctica,Outdoors,2020-08,,
2392,Antarctica,Outdoors,2020-09,7.0,2337.3
2393,Antarctica,Outdoors,2020-10,,
2394,Antarctica,Outdoors,2020-11,9.0,6194.88
2395,Antarctica,Outdoors,2020-12,,
2396,Antarctica,Outdoors,2016-07,,
2397,Antarctica,Outdoors,2016-08,5.0,878.8499999999999
2398,Antarctica,Outdoors,2017-11,,
2399,Antarctica,Outdoors,2019-11,,
2400,Antarctica,Shoes,2016-01,,
2401,Antarctica,Shoes,2016-02,,
2402,Antarctica,Shoes,2016-03,,
2403,Antarctica,Shoes,2016-04,,
2404,Antarctica,Shoes,2016-05,6.0,4066.56
2405,Antarctica,Shoes,2016-06,,
2406,Antarctica,Shoes,2016-09,3.0,1542.8000000000002
2407,Antarctica,Shoes,2016-10,,
2408,Antarctica,Shoes,2016-11,,
2409,Antarctica,Shoes,2016-12,,
2410,Antarctica,Shoes,2017-01,4.0,2563.2000000000003
2411,Antarctica,Shoes,2017-02,,
2412,Antarctica,Shoes,2017-03,,
2413,Antarctica,Shoes,2017-04,,
2414,Antarctica,Shoes,2017-05,1.0,47.94
2415,Antarctica,Shoes,2017-06,,
2416,Antarctica,Shoes,2017-07,,
2417,Antarctica,Shoes,2017-08,2.0,386.40000000000003
2418,Antarctica,Shoes,2017-09,,
2419,Antarctica,Shoes,2017-10,,
2420,Antarctica,Shoes,2017-12,,
2421,Antarctica,Shoes,2018-01,,
2422,Antarctica,Shoes,2018-02,10.0,7939.8
2423,Antarctica,Shoes,2018-03,,
2424,Antarctica,Shoes,2018-04,,
2425,Antarctica,Shoes,2018-05,,
2426,Antarctica,Shoes,2018-06,,
2427,Antarctica,Shoes,2018-07,,
2428,Antarctica,Shoes,2018-08,,
2429,Antarctica,Shoes,2018-09,,
2430,Antarctica,Shoes,2018-10,,
2431,Antarctica,Shoes,2018-11,,
2432,Antarctica,Shoes,2018-12,4.0,3629.0
2433,Antarctica,Shoes,2019-01,,
2434,Antarctica,Shoes,2019-02,7.0,219.51999999999998
2435,Antarctica,Shoes,2019-03,2.0,1240.8
2436,Antarctica,Shoes,2019-04,,
2437,Antarctica,Shoes,2019-05,5.0,2155.38
2438,Antarctica,Shoes,2019-06,,
2439,Antarctica,Shoes,2019-07,1.0,717.3000000000001
2440,Antarctica,Shoes,2019-08,17.0,5442.16
2441,Antarctica,Shoes,2019-09,,
2442,Antarctica,Shoes,2019-10,,
2443,Antarctica,Shoes,2019-12,,
2444,Antarctica,Shoes,2020-01,,
2445,Antarctica,Shoes,2020-02,,
2446,Antarctica,Shoes,2020-03,6.0,3159.0
2447,Antarctica,Shoes,2020-04,,
2448,Antarctica,Shoes,2020-05,,
2449,Antarctica,Shoes,2020-06,,
2450,Antarctica,Shoes,2020-07,,
2451,Antarctica,Shoes,2020-08,1.0,12.48
2452,Antarctica,Shoes,2020-09,,
2453,Antarctica,Shoes,2020-10,,
2454,Antarctica,Shoes,2020-11,,
2455,Antarctica,Shoes,2020-12,8.0,1983.52
2456,Antarctica,Shoes,2016-07,3.0,955.9799999999999
2457,Antarctica,Shoes,2016-08,,
2458,Antarctica,Shoes,2017-11,10.0,5975.5
2459,Antarctica,Shoes,2019-11,,
2460,Antarctica,Sports,2016-01,10.0,8390.5
2461,Antarctica,Sports,2016-02,,
2462,Antarctica,Sports,2016-03,,
2463,Antarctica,Sports,2016-04,,
2464,Antarctica,Sports,2016-05,,
2465,Antarctica,Sports,2016-06,,
2466,Antarctica,Sports,2016-09,,
2467,Antarctica,Sports,2016-10,,
2468,Antarctica,Sports,2016-11,,
2469,Antarctica,Sports,2016-12,,
2470,Antarctica,Sports,2017-01,,
2471,Antarctica,Sports,2017-02,,
2472,Antarctica,Sports,2017-03,9.0,6650.28
2473,Antarctica,Sports,2017-04,,
2474,Antarctica,Sports,2017-05,,
2475,Antarctica,Sports,2017-06,2.0,61.2
2476,Antarctica,Sports,2017-07,,
2477,Antarctica,Sports,2017-08,6.0,2768.04
2478,Antarctica,Sports,2017-09,,
2479,Antarctica,Sports,2017-10,,
2480,Antarctica,Sports,2017-12,,
2481,Antarctica,Sports,2018-01,,
2482,Antarctica,Sports,2018-02,,
2483,Antarctica,Sports,2018-03,5.0,1594.9499999999998
2484,Antarctica,Sports,2018-04,,
2485,Antarctica,Sports,2018-05,,
2486,Antarctica,Sports,2018-06,,
2487,Antarctica,Sports,2018-07,,
2488,Antarctica,Sports,2018-08,,
2489,Antarctica,Sports,2018-09,4.0,1238.76
2490,Antarctica,Sports,2018-10,,
2491,Antarctica,Sports,2018-11,4.0,2991.6
2492,Antarctica,Sports,2018-12,9.0,3650.85
2493,Antarctica,Sports,2019-01,,
2494,Antarctica,Sports,2019-02,5.0,3510.8999999999996
2495,Antarctica,Sports,2019-03,,
2496,Antarctica,Sports,2019-04,,
2497,Antarctica,Sports,2019-05,,
2498,Antarctica,Sports,2019-06,,
2499,Antarctica,Sports,2019-07,,
2500,Antarctica,Sports,2019-08,,
2501,Antarctica,Sports,2019-09,,
2502,Antarctica,Sports,2019-10,,
2503,Antarctica,Sports,2019-12,,
2504,Antarctica,Sports,2020-01,,
2505,Antarctica,Sports,2020-02,,
2506,Antarctica,Sports,2020-03,,
2507,Antarctica,Sports,2020-04,,
2508,Antarctica,Sports,2020-05,,
2509,Antarctica,Sports,2020-06,,
2510,Antarctica,Sports,2020-07,,
2511,Antarctica,Sports,2020-08,,
2512,Antarctica,Sports,2020-09,,
2513,Antarctica,Sports,2020-10,,
2514,Antarctica,Sports,2020-11,1.0,819.0
2515,Antarctica,Sports,2020-12,,
2516,Antarctica,Sports,2016-07,,
2517,Antarctica,Sports,2016-08,,
2518,Antarctica,Sports,2017-11,,
2519,Antarctica,Sports,2019-11,,
2520,Antarctica,Tools,2016-01,,
2521,Antarctica,Tools,2016-02,,
2522,Antarctica,Tools,2016-03,,
2523,Antarctica,Tools,2016-04,,
2524,Antarctica,Tools,2016-05,,
2525,Antarctica,Tools,2016-06,,
2526,Antarctica,Tools,2016-09,,
2527,Antarctica,Tools,2016-10,,
2528,Antarctica,Tools,2016-11,,
2529,Antarctica,Tools,2016-12,,
2530,Antarctica,Tools,2017-01,8.0,379.44
2531,Antarctica,Tools,2017-02,,
2532,Antarctica,Tools,2017-03,,
2533,Antarctica,Tools,2017-04,,
2534,Antarctica,Tools,2017-05,,
2535,Antarctica,Tools,2017-06,,
2536,Antarctica,Tools,2017-07,,
2537,Antarctica,Tools,2017-08,,
2538,Antarctica,Tools,2017-09,,
2539,Antarctica,Tools,2017-10,5.0,272.25
2540,Antarctica,Tools,2017-12,,
2541,Antarctica,Tools,2018-01,1.0,159.6
2542,Antarctica,Tools,2018-02,5.0,2410.65
2543,Antarctica,Tools,2018-03,8.0,3909.12
2544,Antarctica,Tools,2018-04,,
2545,Antarctica,Tools,2018-05,,
2546,Antarctica,Tools,2018-06,,
2547,Antarctica,Tools,2018-07,4.0,705.6
2548,Antarctica,Tools,2018-08,,
2549,Antarctica,Tools,2018-09,,
2550,Antarctica,Tools,2018-10,,
2551,Antarctica,Tools,2018-11,,
2552,Antarctica,Tools,2018-12,9.0,2795.85
2553,Antarctica,Tools,2019-01,2.0,704.64
2554,Antarctica,Tools,2019-02,,
2555,Antarctica,Tools,2019-03,,
2556,Antarctica,Tools,2019-04,,
2557,Antarctica,Tools,2019-05,,
2558,Antarctica,Tools,2019-06,,
2559,Antarctica,Tools,2019-07,,
2560,Antarctica,Tools,2019-08,,
2561,Antarctica,Tools,2019-09,,
2562,Antarctica,Tools,2019-10,,
2563,Antarctica,Tools,2019-12,,
2564,Antarctica,Tools,2020-01,,
2565,Antarctica,Tools,2020-02,,
2566,Antarctica,Tools,2020-03,,
2567,Antarctica,Tools,2020-04,,
2568,Antarctica,Tools,2020-05,,
2569,Antarctica,Tools,2020-06,,
2570,Antarctica,Tools,2020-07,,
2571,Antarctica,Tools,2020-08,,
2572,Antarctica,Tools,2020-09,,
2573,Antarctica,Tools,2020-10,,
2574,Antarctica,Tools,2020-11,,
2575,Antarctica,Tools,2020-12,,
2576,Antarctica,Tools,2016-07,,
2577,Antarctica,Tools,2016-08,,
2578,Antarctica,Tools,2017-11,,
2579,Antarctica,Tools,2019-11,,
2580,Antarctica,Toys,2016-01,9.0,4121.099999999999
2581,Antarctica,Toys,2016-02,,
2582,Antarctica,Toys,2016-03,,
2583,Antarctica,Toys,2016-04,,
2584,Antarctica,Toys,2016-05,,
2585,Antarctica,Toys,2016-06,7.0,1615.9499999999998
2586,Antarctica,Toys,2016-09,,
2587,Antarctica,Toys,2016-10,,
2588,Antarctica,Toys,2016-11,,
2589,Antarctica,Toys,2016-12,,
2590,Antarctica,Toys,2017-01,2.0,1384.2
2591,Antarctica,Toys,2017-02,,
2592,Antarctica,Toys,2017-03,,
2593,Antarctica,Toys,2017-04,,
2594,Antarctica,Toys,2017-05,,
2595,Antarctica,Toys,2017-06,3.0,1258.53
2596,Antarctica,Toys,2017-07,,
2597,Antarctica,Toys,2017-08,,
2598,Antarctica,Toys,2017-09,,
2599,Antarctica,Toys,2017-10,,
2600,Antarctica,Toys,2017-12,,
2601,Antarctica,Toys,2018-01,,
2602,Antarctica,Toys,2018-02,,
2603,Antarctica,Toys,2018-03,,
2604,Antarctica,Toys,2018-04,1.0,625.1
2605,Antarctica,Toys,2018-05,,
2606,Antarctica,Toys,2018-06,,
2607,Antarctica,Toys,2018-07,,
2608,Antarctica,Toys,2018-08,,
2609,Antarctica,Toys,2018-09,6.0,4285.44
2610,Antarctica,Toys,2018-10,,
2611,Antarctica,Toys,2018-11,,
2612,Antarctica,Toys,2018-12,1.0,88.35
2613,Antarctica,Toys,2019-01,,
2614,Antarctica,Toys,2019-02,,
2615,Antarctica,Toys,2019-03,,
2616,Antarctica,Toys,2019-04,3.0,2377.83
2617,Antarctica,Toys,2019-05,,
2618,Antarctica,Toys,2019-06,,
2619,Antarctica,Toys,2019-07,18.0,5575.099999999999
2620,Antarctica,Toys,2019-08,,
2621,Antarctica,Toys,2019-09,,
2622,Antarctica,Toys,2019-10,3.0,812.16
2623,Antarctica,Toys,2019-12,,
2624,Antarctica,Toys,2020-01,,
2625,Antarctica,Toys,2020-02,,
2626,Antarctica,Toys,2020-03,,
2627,Antarctica,Toys,2020-04,,
2628,Antarctica,Toys,2020-05,,
2629,Antarctica,Toys,2020-06,,
2630,Antarctica,Toys,2020-07,,
2631,Antarctica,Toys,2020-08,,
2632,Antarctica,Toys,2020-09,,
2633,Antarctica,Toys,2020-10,,
2634,Antarctica,Toys,2020-11,4.0,3144.96
2635,Antarctica,Toys,2020-12,,
2636,Antarctica,Toys,2016-07,,
2637,Antarctica,Toys,2016-08,,
2638,Antarctica,Toys,2017-11,,
2639,Antarctica,Toys,2019-11,3.0,788.97
2640,Asia,Automotive,2016-01,20.0,8436.259999999998
2641,Asia,Automotive,2016-02,9.0,2915.37
2642,Asia,Automotive,2016-03,15.0,3962.2999999999997
2643,Asia,Automotive,2016-04,,
2644,Asia,Automotive,2016-05,3.0,2608.6499999999996
2645,Asia,Automotive,2016-06,4.0,2613.52
2646,Asia,Automotive,2016-09,16.0,6004.26
2647,Asia,Automotive,2016-10,20.0,7057.37
2648,Asia,Automotive,2016-11,9.0,1491.86
2649,Asia,Automotive,2016-12,5.0,4753.0
2650,Asia,Automotive,2017-01,19.0,2925.0
2651,Asia,Automotive,2017-02,10.0,3031.1499999999996
2652,Asia,Automotive,2017-03,13.0,248.24
2653,Asia,Automotive,2017-04,37.0,21666.46
2654,Asia,Automotive,2017-05,,
2655,Asia,Automotive,2017-06,2.0,95.03999999999999
2656,Asia,Automotive,2017-07,31.0,14786.53
2657,Asia,Automotive,2017-08,15.0,5364.75
2658,Asia,Automotive,2017-09,7.0,1090.8899999999999
2659,Asia,Automotive,2017-10,13.0,3878.04
2660,Asia,Automotive,2017-12,11.0,3676.62
2661,Asia,Automotive,2018-01,12.0,9022.859999999999
2662,Asia,Automotive,2018-02,21.0,12747.35
2663,Asia,Automotive,2018-03,13.0,7233.44
2664,Asia,Automotive,2018-04,23.0,10955.4
2665,Asia,Automotive,2018-05,21.0,8255.96
2666,Asia,Automotive,2018-06,5.0,2171.2000000000003
2667,Asia,Automotive,2018-07,,
2668,Asia,Automotive,2018-08,12.0,5560.619999999999
2669,Asia,Automotive,2018-09,13.0,4643.66
2670,Asia,Automotive,2018-10,15.0,6658.54
2671,Asia,Automotive,2018-11,18.0,13929.18
2672,Asia,Automotive,2018-12,11.0,5575.49
2673,Asia,Automotive,2019-01,6.0,3960.0
2674,Asia,Automotive,2019-02,,
2675,Asia,Automotive,2019-03,13.0,8396.42
2676,Asia,Automotive,2019-04,23.0,10756.349999999999
2677,Asia,Automotive,2019-05,6.0,3142.8
2678,Asia,Automotive,2019-06,27.0,16851.46
2679,Asia,Automotive,2019-07,,
2680,Asia,Automotive,2019-08,14.0,8843.380000000001
2681,Asia,Automotive,2019-09,10.0,3545.68
2682,Asia,Automotive,2019-10,17.0,11200.64
2683,Asia,Automotive,2019-12,,
2684,Asia,Automotive,2020-01,23.0,15029.48
2685,Asia,Automotive,2020-02,29.0,11232.12
2686,Asia,Automotive,2020-03,2.0,80.64
2687,Asia,Automotive,2020-04,2.0,75.19999999999999
2688,Asia,Automotive,2020-05,28.0,15183.55
2689,Asia,Automotive,2020-06,8.0,3617.04
2690,Asia,Automotive,2020-07,27.0,7426.92
2691,Asia,Automotive,2020-08,30.0,17862.079999999998
2692,Asia,Automotive,2020-09,8.0,921.3
2693,Asia,Automotive,2020-10,12.0,5811.48
2694,Asia,Automotive,2020-11,21.0,3843.24
2695,Asia,Automotive,2020-12,15.0,9802.37
2696,Asia,Automotive,2016-07,,
2697,Asia,Automotive,2016-08,2.0,1415.5
2698,Asia,Automotive,2017-11,5.0,1235.0
2699,Asia,Automotive,2019-11,11.0,3421.7
2700,Asia,Baby,2016-01,16.0,7196.5599999999995
2701,Asia,Baby,2016-02,,
2702,Asia,Baby,2016-03,13.0,11376.689999999999
2703,Asia,Baby,2016-04,12.0,5688.78
2704,Asia,Baby,2016-05,,
2705,Asia,Baby,2016-06,26.0,8540.119999999999
2706,Asia,Baby,2016-09,16.0,8951.58
2707,Asia,Baby,2016-10,25.0,8048.82
2708,Asia,Baby,2016-11,,
2709,Asia,Baby,2016-12,11.0,7265.28
2710,Asia,Baby,2017-01,,
2711,Asia,Baby,2017-02,9.0,4570.83
2712,Asia,Baby,2017-03,13.0,8834.7
2713,Asia,Baby,2017-04,18.0,7515.88
2714,Asia,Baby,2017-05,8.0,191.36
2715,Asia,Baby,2017-06,15.0,3636.24
2716,Asia,Baby,2017-07,19.0,12700.4
2717,Asia,Baby,2017-08,6.0,2108.84
2718,Asia,Baby,2017-09,31.0,14159.279999999999
2719,Asia,Baby,2017-10,11.0,3332.56
2720,Asia,Baby,2017-12,21.0,9314.97
2721,Asia,Baby,2018-01,10.0,2011.1000000000001
2722,Asia,Baby,2018-02,14.0,3678.2999999999997
2723,Asia,Baby,2018-03,6.0,2175.6
2724,Asia,Baby,2018-04,21.0,4479.29
2725,Asia,Baby,2018-05,19.0,7618.339999999999
2726,Asia,Baby,2018-06,36.0,15610.53
2727,Asia,Baby,2018-07,2.0,120.89999999999999
2728,Asia,Baby,2018-08,9.0,5493.6
2729,Asia,Baby,2018-09,18.0,9779.77
2730,Asia,Baby,2018-10,16.0,4941.83
2731,Asia,Baby,2018-11,14.0,7212.74
2732,Asia,Baby,2018-12,14.0,7606.5
2733,Asia,Baby,2019-01,6.0,4580.9400000000005
2734,Asia,Baby,2019-02,3.0,2237.25
2735,Asia,Baby,2019-03,25.0,13721.45
2736,Asia,Baby,2019-04,19.0,8257.24
2737,Asia,Baby,2019-05,,
2738,Asia,Baby,2019-06,22.0,11428.289999999999
2739,Asia,Baby,2019-07,3.0,899.72
2740,Asia,Baby,2019-08,3.0,840.3599999999999
2741,Asia,Baby,2019-09,7.0,5443.2
2742,Asia,Baby,2019-10,1.0,669.5999999999999
2743,Asia,Baby,2019-12,19.0,8614.44
2744,Asia,Baby,2020-01,32.0,22680.26
2745,Asia,Baby,2020-02,25.0,10927.839999999998
2746,Asia,Baby,2020-03,26.0,6170.2
2747,Asia,Baby,2020-04,11.0,5929.41
2748,Asia,Baby,2020-05,,
2749,Asia,Baby,2020-06,45.0,20771.17
2750,Asia,Baby,2020-07,35.0,18457.64
2751,Asia,Baby,2020-08,4.0,1338.6
2752,Asia,Baby,2020-09,,
2753,Asia,Baby,2020-10,6.0,4777.08
2754,Asia,Baby,2020-11,18.0,15815.310000000001
2755,Asia,Baby,2020-12,3.0,1388.28
2756,Asia,Baby,2016-07,,
2757,Asia,Baby,2016-08,21.0,14099.32
2758,Asia,Baby,2017-11,18.0,4171.32
2759,Asia,Baby,2019-11,15.0,3105.75
2760,Asia,Beauty,2016-01,13.0,5378.92
2761,Asia,Beauty,2016-02,9.0,2130.3
2762,Asia,Beauty,2016-03,10.0,3803.9199999999996
2763,Asia,Beauty,2016-04,8.0,4955.2
2764,Asia,Beauty,2016-05,,
2765,Asia,Beauty,2016-06,2.0,474.58000000000004
2766,Asia,Beauty,2016-09,5.0,547.4
2767,Asia,Beauty,2016-10,10.0,6825.0
2768,Asia,Beauty,2016-11,12.0,5310.94
2769,Asia,Beauty,2016-12,16.0,7902.78
2770,Asia,Beauty,2017-01,10.0,5817.599999999999
2771,Asia,Beauty,2017-02,,
2772,Asia,Beauty,2017-03,35.0,15732.08
2773,Asia,Beauty,2017-04,12.0,3887.5599999999995
2774,Asia,Beauty,2017-05,12.0,1305.8400000000001
2775,Asia,Beauty,2017-06,4.0,2276.82
2776,Asia,Beauty,2017-07,6.0,5614.5
2777,Asia,Beauty,2017-08,4.0,3168.48
2778,Asia,Beauty,2017-09,15.0,4588.05
2779,Asia,Beauty,2017-10,19.0,10189.949999999999
2780,Asia,Beauty,2017-12,24.0,9381.11
2781,Asia,Beauty,2018-01,11.0,5638.96
2782,Asia,Beauty,2018-02,23.0,10499.11
2783,Asia,Beauty,2018-03,21.0,13812.5
2784,Asia,Beauty,2018-04,4.0,2046.24
2785,Asia,Beauty,2018-05,13.0,10771.8
2786,Asia,Beauty,2018-06,18.0,8889.03
2787,Asia,Beauty,2018-07,11.0,3218.0499999999997
2788,Asia,Beauty,2018-08,,
2789,Asia,Beauty,2018-09,6.0,3261.6
2790,Asia,Beauty,2018-10,8.0,5989.76
2791,Asia,Beauty,2018-11,30.0,18388.44
2792,Asia,Beauty,2018-12,11.0,3876.95
2793,Asia,Beauty,2019-01,9.0,3162.0600000000004
2794,Asia,Beauty,2019-02,14.0,8093.1900000000005
2795,Asia,Beauty,2019-03,,
2796,Asia,Beauty,2019-04,14.0,6344.759999999999
2797,Asia,Beauty,2019-05,14.0,10119.66
2798,Asia,Beauty,2019-06,,
2799,Asia,Beauty,2019-07,21.0,12191.08
2800,Asia,Beauty,2019-08,25.0,12366.6
2801,Asia,Beauty,2019-09,15.0,7068.0599999999995
2802,Asia,Beauty,2019-10,18.0,11661.66
2803,Asia,Beauty,2019-12,23.0,12884.68
2804,Asia,Beauty,2020-01,6.0,120.12
2805,Asia,Beauty,2020-02,,
2806,Asia,Beauty,2020-03,,
2807,Asia,Beauty,2020-04,4.0,323.0
2808,Asia,Beauty,2020-05,8.0,4946.41
2809,Asia,Beauty,2020-06,9.0,3452.6000000000004
2810,Asia,Beauty,2020-07,,
2811,Asia,Beauty,2020-08,7.0,4892.82
2812,Asia,Beauty,2020-09,13.0,5148.08
2813,Asia,Beauty,2020-10,10.0,1024.6
2814,Asia,Beauty,2020-11,,
2815,Asia,Beauty,2020-12,1.0,854.05
2816,Asia,Beauty,2016-07,23.0,12631.74
2817,Asia,Beauty,2016-08,6.0,337.08
2818,Asia,Beauty,2017-11,16.0,7882.62
2819,Asia,Beauty,2019-11,7.0,3948.0
2820,Asia,Books,2016-01,7.0,743.54
2821,Asia,Books,2016-02,6.0,726.18
2822,Asia,Books,2016-03,10.0,7896.179999999999
2823,Asia,Books,2016-04,30.0,23601.49
2824,Asia,Books,2016-05,9.0,4534.73
2825,Asia,Books,2016-06,,
2826,Asia,Books,2016-09,12.0,4554.72
2827,Asia,Books,2016-10,17.0,8895.38
2828,Asia,Books,2016-11,15.0,10027.56
2829,Asia,Books,2016-12,12.0,2303.52
2830,Asia,Books,2017-01,5.0,1385.52
2831,Asia,Books,2017-02,14.0,7744.53
2832,Asia,Books,2017-03,5.0,453.71
2833,Asia,Books,2017-04,7.0,2880.18
2834,Asia,Books,2017-05,,
2835,Asia,Books,2017-06,36.0,7399.299999999999
2836,Asia,Books,2017-07,3.0,2286.9
2837,Asia,Books,2017-08,18.0,9469.76
2838,Asia,Books,2017-09,10.0,8008.799999999999
2839,Asia,Books,2017-10,15.0,7976.289999999999
2840,Asia,Books,2017-12,2.0,629.16
2841,Asia,Books,2018-01,21.0,9430.59
2842,Asia,Books,2018-02,15.0,13107.649999999998
2843,Asia,Books,2018-03,,
2844,Asia,Books,2018-04,5.0,4602.75
2845,Asia,Books,2018-05,19.0,9210.82
2846,Asia,Books,2018-06,4.0,1406.8799999999999
2847,Asia,Books,2018-07,5.0,305.5
2848,Asia,Books,2018-08,19.0,12429.86
2849,Asia,Books,2018-09,26.0,10531.53
2850,Asia,Books,2018-10,3.0,934.4999999999999
2851,Asia,Books,2018-11,7.0,6286.62
2852,Asia,Books,2018-12,19.0,8731.55
2853,Asia,Books,2019-01,8.0,3955.2000000000003
2854,Asia,Books,2019-02,9.0,5427.0
2855,Asia,Books,2019-03,,
2856,Asia,Books,2019-04,10.0,5076.719999999999
2857,Asia,Books,2019-05,10.0,5449.65
2858,Asia,Books,2019-06,3.0,476.28
2859,Asia,Books,2019-07,,
2860,Asia,Books,2019-08,23.0,9506.34
2861,Asia,Books,2019-09,4.0,2577.6
2862,Asia,Books,2019-10,5.0,4653.0
2863,Asia,Books,2019-12,34.0,21273.4
2864,Asia,Books,2020-01,19.0,8688.13
2865,Asia,Books,2020-02,9.0,6019.650000000001
2866,Asia,Books,2020-03,,
2867,Asia,Books,2020-04,,
2868,Asia,Books,2020-05,15.0,11224.7
2869,Asia,Books,2020-06,17.0,8533.3
2870,Asia,Books,2020-07,6.0,512.64
2871,Asia,Books,2020-08,2.0,30.72
2872,Asia,Books,2020-09,37.0,22110.14
2873,Asia,Books,2020-10,10.0,1515.3
2874,Asia,Books,2020-11,7.0,6558.719999999999
2875,Asia,Books,2020-12,16.0,6734.28
2876,Asia,Books,2016-07,44.0,25658.36
2877,Asia,Books,2016-08,20.0,12156.27
2878,Asia,Books,2017-11,17.0,7862.32
2879,Asia,Books,2019-11,13.0,6995.3099999999995
2880,Asia,Clothing,2016-01,8.0,3146.4
2881,Asia,Clothing,2016-02,9.0,1194.6
2882,Asia,Clothing,2016-03,15.0,8604.95
2883,Asia,Clothing,2016-04,36.0,19711.41
2884,Asia,Clothing,2016-05,7.0,3579.2999999999997
2885,Asia,Clothing,2016-06,2.0,1865.92
2886,Asia,Clothing,2016-09,,
2887,Asia,Clothing,2016-10,15.0,10904.579999999998
2888,Asia,Clothing,2016-11,36.0,18454.51
2889,Asia,Clothing,2016-12,20.0,7272.12
2890,Asia,Clothing,2017-01,14.0,7124.64
2891,Asia,Clothing,2017-02,,
2892,Asia,Clothing,2017-03,12.0,1190.87
2893,Asia,Clothing,2017-04,17.0,14489.82
2894,Asia,Clothing,2017-05,19.0,12544.2
2895,Asia,Clothing,2017-06,16.0,7815.58
2896,Asia,Clothing,2017-07,7.0,2482.2
2897,Asia,Clothing,2017-08,7.0,1316.38
2898,Asia,Clothing,2017-09,14.0,5189.65
2899,Asia,Clothing,2017-10,1.0,514.8000000000001
2900,Asia,Clothing,2017-12,26.0,11739.4
2901,Asia,Clothing,2018-01,2.0,943.9200000000001
2902,Asia,Clothing,2018-02,19.0,13572.82
2903,Asia,Clothing,2018-03,2.0,25.2
2904,Asia,Clothing,2018-04,3.0,2165.4
2905,Asia,Clothing,2018-05,9.0,4300.44
2906,Asia,Clothing,2018-06,7.0,2654.2599999999998
2907,Asia,Clothing,2018-07,,
2908,Asia,Clothing,2018-08,17.0,12433.400000000001
2909,Asia,Clothing,2018-09,9.0,6787.59
2910,Asia,Clothing,2018-10,19.0,3858.24
2911,Asia,Clothing,2018-11,2.0,300.79999999999995
2912,Asia,Clothing,2018-12,21.0,9216.25
2913,Asia,Clothing,2019-01,24.0,6824.459999999999
2914,Asia,Clothing,2019-02,3.0,355.32
2915,Asia,Clothing,2019-03,,
2916,Asia,Clothing,2019-04,5.0,4447.45
2917,Asia,Clothing,2019-05,1.0,462.69
2918,Asia,Clothing,2019-06,10.0,4782.4400000000005
2919,Asia,Clothing,2019-07,7.0,18.900000000000002
2920,Asia,Clothing,2019-08,18.0,9279.75
2921,Asia,Clothing,2019-09,,
2922,Asia,Clothing,2019-10,35.0,18997.56
2923,Asia,Clothing,2019-12,1.0,549.63
2924,Asia,Clothing,2020-01,1.0,531.76
2925,Asia,Clothing,2020-02,9.0,7329.23
2926,Asia,Clothing,2020-03,9.0,2954.3500000000004
2927,Asia,Clothing,2020-04,,
2928,Asia,Clothing,2020-05,1.0,881.36
2929,Asia,Clothing,2020-06,12.0,6351.18
2930,Asia,Clothing,2020-07,8.0,4617.2
2931,Asia,Clothing,2020-08,24.0,5806.3
2932,Asia,Clothing,2020-09,12.0,1311.64
2933,Asia,Clothing,2020-10,25.0,13202.46
2934,Asia,Clothing,2020-11,10.0,1152.0
2935,Asia,Clothing,2020-12,7.0,5518.32
2936,Asia,Clothing,2016-07,8.0,5882.24
2937,Asia,Clothing,2016-08,12.0,7070.12
2938,Asia,Clothing,2017-11,5.0,4950.0
2939,Asia,Clothing,2019-11,,
2940,Asia,Computers,2016-01,15.0,7010.400000000001
2941,Asia,Computers,2016-02,8.0,1612.0
2942,Asia,Computers,2016-03,24.0,14898.64
2943,Asia,Computers,2016-04,15.0,7859.4
2944,Asia,Computers,2016-05,,
2945,Asia,Computers,2016-06,1.0,107.8
2946,Asia,Computers,2016-09,10.0,5922.7
2947,Asia,Computers,2016-10,11.0,6824.16
2948,Asia,Computers,2016-11,13.0,6436.29
2949,Asia,Computers,2016-12,13.0,6930.28
2950,Asia,Computers,2017-01,34.0,14754.34
2951,Asia,Computers,2017-02,4.0,1658.12
2952,Asia,Computers,2017-03,16.0,10836.91
2953,Asia,Computers,2017-04,12.0,6132.0199999999995
2954,Asia,Computers,2017-05,7.0,3277.2099999999996
2955,Asia,Computers,2017-06,11.0,4099.4800000000005
2956,Asia,Computers,2017-07,6.0,3784.52
2957,Asia,Computers,2017-08,1.0,313.2
2958,Asia,Computers,2017-09,17.0,9990.720000000001
2959,Asia,Computers,2017-10,9.0,3087.63
2960,Asia,Computers,2017-12,27.0,12405.3
2961,Asia,Computers,2018-01,13.0,2976.6800000000003
2962,Asia,Computers,2018-02,16.0,7508.040000000001
2963,Asia,Computers,2018-03,9.0,3800.46
2964,Asia,Computers,2018-04,12.0,4753.719999999999
2965,Asia,Computers,2018-05,13.0,6888.0
2966,Asia,Computers,2018-06,12.0,6748.64
2967,Asia,Computers,2018-07,,
2968,Asia,Computers,2018-08,,
2969,Asia,Computers,2018-09,15.0,7726.700000000001
2970,Asia,Computers,2018-10,19.0,8316.78
2971,Asia,Computers,2018-11,,
2972,Asia,Computers,2018-12,20.0,11830.82
2973,Asia,Computers,2019-01,16.0,4690.11
2974,Asia,Computers,2019-02,15.0,9611.14
2975,Asia,Computers,2019-03,17.0,14835.0
2976,Asia,Computers,2019-04,16.0,3524.16
2977,Asia,Computers,2019-05,17.0,13484.579999999998
2978,Asia,Computers,2019-06,9.0,5208.12
2979,Asia,Computers,2019-07,17.0,12068.06
2980,Asia,Computers,2019-08,,
2981,Asia,Computers,2019-09,19.0,10554.869999999999
2982,Asia,Computers,2019-10,,
2983,Asia,Computers,2019-12,9.0,3274.8
2984,Asia,Computers,2020-01,12.0,6021.12
2985,Asia,Computers,2020-02,8.0,3509.7599999999998
2986,Asia,Computers,2020-03,5.0,1108.8
2987,Asia,Computers,2020-04,26.0,11582.68
2988,Asia,Computers,2020-05,6.0,455.12
2989,Asia,Computers,2020-06,10.0,5523.74
2990,Asia,Computers,2020-07,16.0,11668.94
2991,Asia,Computers,2020-08,10.0,8236.8
2992,Asia,Computers,2020-09,28.0,12970.93
2993,Asia,Computers,2020-10,23.0,16579.5
2994,Asia,Computers,2020-11,1.0,348.53000000000003
2995,Asia,Computers,2020-12,6.0,2401.2000000000003
2996,Asia,Computers,2016-07,12.0,4711.200000000001
2997,Asia,Computers,2016-08,,
2998,Asia,Computers,2017-11,9.0,7460.280000000001
2999,Asia,Computers,2019-11,4.0,2599.8
3000,Asia,Electronics,2016-01,11.0,3795.84
3001,Asia,Electronics,2016-02,8.0,6465.6
3002,Asia,Electronics,2016-03,9.0,2713.7
3003,Asia,Electronics,2016-04,18.0,5585.05
3004,Asia,Electronics,2016-05,16.0,11084.58
3005,Asia,Electronics,2016-06,,
3006,Asia,Electronics,2016-09,25.0,15347.509999999998
3007,Asia,Electronics,2016-10,14.0,5441.6
3008,Asia,Electronics,2016-11,19.0,8688.2
3009,Asia,Electronics,2016-12,37.0,16349.800000000001
3010,Asia,Electronics,2017-01,,
3011,Asia,Electronics,2017-02,,
3012,Asia,Electronics,2017-03,13.0,8770.22
3013,Asia,Electronics,2017-04,12.0,4718.099999999999
3014,Asia,Electronics,2017-05,20.0,4792.13
3015,Asia,Electronics,2017-06,13.0,6567.3
3016,Asia,Electronics,2017-07,24.0,9951.75
3017,Asia,Electronics,2017-08,,
3018,Asia,Electronics,2017-09,19.0,10283.56
3019,Asia,Electronics,2017-10,16.0,3612.0
3020,Asia,Electronics,2017-12,4.0,2573.48
3021,Asia,Electronics,2018-01,9.0,3629.4300000000003
3022,Asia,Electronics,2018-02,12.0,5201.07
3023,Asia,Electronics,2018-03,4.0,1410.43
3024,Asia,Electronics,2018-04,18.0,10298.800000000001
3025,Asia,Electronics,2018-05,7.0,3910.14
3026,Asia,Electronics,2018-06,10.0,4408.65
3027,Asia,Electronics,2018-07,25.0,12932.73
3028,Asia,Electronics,2018-08,22.0,15548.67
3029,Asia,Electronics,2018-09,10.0,2225.64
3030,Asia,Electronics,2018-10,1.0,14.399999999999999
3031,Asia,Electronics,2018-11,20.0,11840.39
3032,Asia,Electronics,2018-12,11.0,4661.99
3033,Asia,Electronics,2019-01,4.0,1643.12
3034,Asia,Electronics,2019-02,12.0,7998.66
3035,Asia,Electronics,2019-03,,
3036,Asia,Electronics,2019-04,,
3037,Asia,Electronics,2019-05,3.0,2805.8999999999996
3038,Asia,Electronics,2019-06,21.0,11530.85
3039,Asia,Electronics,2019-07,8.0,1294.58
3040,Asia,Electronics,2019-08,8.0,1496.8799999999999
3041,Asia,Electronics,2019-09,28.0,10991.039999999999
3042,Asia,Electronics,2019-10,,
3043,Asia,Electronics,2019-12,15.0,9448.77
3044,Asia,Electronics,2020-01,20.0,15146.42
3045,Asia,Electronics,2020-02,10.0,6011.6
3046,Asia,Electronics,2020-03,4.0,2868.32
3047,Asia,Electronics,2020-04,9.0,6146.19
3048,Asia,Electronics,2020-05,17.0,7077.27
3049,Asia,Electronics,2020-06,27.0,9188.619999999999
3050,Asia,Electronics,2020-07,23.0,15733.64
3051,Asia,Electronics,2020-08,15.0,9731.58
3052,Asia,Electronics,2020-09,1.0,483.15999999999997
3053,Asia,Electronics,2020-10,18.0,8345.1
3054,Asia,Electronics,2020-11,32.0,12659.3
3055,Asia,Electronics,2020-12,7.0,2286.2000000000003
3056,Asia,Electronics,2016-07,,
3057,Asia,Electronics,2016-08,5.0,2803.2999999999997
3058,Asia,Electronics,2017-11,16.0,4114.17
3059,Asia,Electronics,2019-11,6.0,4085.76
3060,Asia,Games,2016-01,20.0,12943.03
3061,Asia,Games,2016-02,,
3062,Asia,Games,2016-03,8.0,6424.33
3063,Asia,Games,2016-04,11.0,4563.93
3064,Asia,Games,2016-05,7.0,1908.55
3065,Asia,Games,2016-06,1.0,418.95
3066,Asia,Games,2016-09,,
3067,Asia,Games,2016-10,16.0,8628.15
3068,Asia,Games,2016-11,10.0,8909.28
3069,Asia,Games,2016-12,,
3070,Asia,Games,2017-01,10.0,4239.42
3071,Asia,Games,2017-02,,
3072,Asia,Games,2017-03,,
3073,Asia,Games,2017-04,,
3074,Asia,Games,2017-05,7.0,4668.110000000001
3075,Asia,Games,2017-06,15.0,11183.44
3076,Asia,Games,2017-07,6.0,2187.82
3077,Asia,Games,2017-08,20.0,6706.24
3078,Asia,Games,2017-09,6.0,5262.56
3079,Asia,Games,2017-10,16.0,8736.92
3080,Asia,Games,2017-12,1.0,81.9
3081,Asia,Games,2018-01,,
3082,Asia,Games,2018-02,8.0,3606.3
3083,Asia,Games,2018-03,26.0,8730.5
3084,Asia,Games,2018-04,37.0,5632.66
3085,Asia,Games,2018-05,5.0,4110.599999999999
3086,Asia,Games,2018-06,5.0,2902.5
3087,Asia,Games,2018-07,18.0,5793.26
3088,Asia,Games,2018-08,12.0,2504.42
3089,Asia,Games,2018-09,23.0,11194.5
3090,Asia,Games,2018-10,17.0,8671.5
3091,Asia,Games,2018-11,7.0,3296.58
3092,Asia,Games,2018-12,9.0,2698.45
3093,Asia,Games,2019-01,6.0,903.65
3094,Asia,Games,2019-02,,
3095,Asia,Games,2019-03,23.0,11648.3
3096,Asia,Games,2019-04,3.0,2144.52
3097,Asia,Games,2019-05,34.0,11108.960000000001
3098,Asia,Games,2019-06,11.0,7034.959999999999
3099,Asia,Games,2019-07,8.0,2797.44
3100,Asia,Games,2019-08,9.0,3829.34
3101,Asia,Games,2019-09,18.0,10891.56
3102,Asia,Games,2019-10,13.0,5358.08
3103,Asia,Games,2019-12,25.0,5074.5
3104,Asia,Games,2020-01,22.0,7382.919999999999
3105,Asia,Games,2020-02,25.0,12351.900000000001
3106,Asia,Games,2020-03,,
3107,Asia,Games,2020-04,19.0,5817.7
3108,Asia,Games,2020-05,,
3109,Asia,Games,2020-06,1.0,419.44
3110,Asia,Games,2020-07,5.0,1282.5
3111,Asia,Games,2020-08,,
3112,Asia,Games,2020-09,16.0,11142.32
3113,Asia,Games,2020-10,14.0,6390.24
3114,Asia,Games,2020-11,27.0,8151.6
3115,Asia,Games,2020-12,35.0,22717.68
3116,Asia,Games,2016-07,10.0,5980.8
3117,Asia,Games,2016-08,10.0,8827.0
3118,Asia,Games,2017-11,11.0,8209.06
3119,Asia,Games,2019-11,2.0,1436.4
3120,Asia,Garden,2016-01,24.0,14545.96
3121,Asia,Garden,2016-02,6.0,2407.02
3122,Asia,Garden,2016-03,34.0,18618.34
3123,Asia,Garden,2016-04,8.0,1722.08
3124,Asia,Garden,2016-05,3.0,974.2800000000001
3125,Asia,Garden,2016-06,7.0,2967.2799999999997
3126,Asia,Garden,2016-09,23.0,6835.78
3127,Asia,Garden,2016-10,14.0,5914.02
3128,Asia,Garden,2016-11,21.0,7204.18
3129,Asia,Garden,2016-12,7.0,5127.1
3130,Asia,Garden,2017-01,14.0,5625.76
3131,Asia,Garden,2017-02,8.0,130.56
3132,Asia,Garden,2017-03,11.0,4486.85
3133,Asia,Garden,2017-04,3.0,1857.48
3134,Asia,Garden,2017-05,18.0,9877.949999999999
3135,Asia,Garden,2017-06,8.0,6224.46
3136,Asia,Garden,2017-07,7.0,2206.89
3137,Asia,Garden,2017-08,7.0,5325.179999999999
3138,Asia,Garden,2017-09,15.0,6664.16
3139,Asia,Garden,2017-10,5.0,885.48
3140,Asia,Garden,2017-12,13.0,4217.549999999999
3141,Asia,Garden,2018-01,20.0,5376.36
3142,Asia,Garden,2018-02,10.0,6897.92
3143,Asia,Garden,2018-03,14.0,5099.33
3144,Asia,Garden,2018-04,1.0,625.24
3145,Asia,Garden,2018-05,1.0,337.59
3146,Asia,Garden,2018-06,23.0,10242.22
3147,Asia,Garden,2018-07,14.0,7457.99
3148,Asia,Garden,2018-08,1.0,652.41
3149,Asia,Garden,2018-09,51.0,23388.53
3150,Asia,Garden,2018-10,7.0,4836.23
3151,Asia,Garden,2018-11,17.0,7128.499999999999
3152,Asia,Garden,2018-12,,
3153,Asia,Garden,2019-01,23.0,9194.3
3154,Asia,Garden,2019-02,,
3155,Asia,Garden,2019-03,3.0,1636.68
3156,Asia,Garden,2019-04,16.0,8530.41
3157,Asia,Garden,2019-05,7.0,3181.02
3158,Asia,Garden,2019-06,,
3159,Asia,Garden,2019-07,19.0,5879.43
3160,Asia,Garden,2019-08,4.0,1943.0400000000002
3161,Asia,Garden,2019-09,9.0,1133.08
3162,Asia,Garden,2019-10,7.0,2288.62
3163,Asia,Garden,2019-12,17.0,8805.6
3164,Asia,Garden,2020-01,27.0,12362.519999999999
3165,Asia,Garden,2020-02,39.0,17684.88
3166,Asia,Garden,2020-03,19.0,12599.88
3167,Asia,Garden,2020-04,21.0,3940.5699999999997
3168,Asia,Garden,2020-05,17.0,5617.639999999999
3169,Asia,Garden,2020-06,,
3170,Asia,Garden,2020-07,14.0,2851.3599999999997
3171,Asia,Garden,2020-08,25.0,6763.799999999999
3172,Asia,Garden,2020-09,27.0,7262.8099999999995
3173,Asia,Garden,2020-10,21.0,10525.53
3174,Asia,Garden,2020-11,29.0,18714.76
3175,Asia,Garden,2020-12,22.0,8440.539999999999
3176,Asia,Garden,2016-07,28.0,14859.64
3177,Asia,Garden,2016-08,16.0,8272.88
3178,Asia,Garden,2017-11,10.0,2671.6499999999996
3179,Asia,Garden,2019-11,1.0,955.4499999999999
3180,Asia,Grocery,2016-01,15.0,7001.070000000001
3181,Asia,Grocery,2016-02,23.0,13190.240000000002
3182,Asia,Grocery,2016-03,,
3183,Asia,Grocery,2016-04,7.0,1424.6399999999999
3184,Asia,Grocery,2016-05,6.0,2949.48
3185,Asia,Grocery,2016-06,8.0,4846.86
3186,Asia,Grocery,2016-09,18.0,8752.289999999999
3187,Asia,Grocery,2016-10,18.0,7614.68
3188,Asia,Grocery,2016-11,7.0,5493.6
3189,Asia,Grocery,2016-12,3.0,849.6
3190,Asia,Grocery,2017-01,15.0,5336.28
3191,Asia,Grocery,2017-02,17.0,10046.810000000001
3192,Asia,Grocery,2017-03,15.0,8051.3099999999995
3193,Asia,Grocery,2017-04,6.0,459.42
3194,Asia,Grocery,2017-05,18.0,6747.44
3195,Asia,Grocery,2017-06,19.0,11742.9
3196,Asia,Grocery,2017-07,23.0,2507.58
3197,Asia,Grocery,2017-08,9.0,8140.860000000001
3198,Asia,Grocery,2017-09,13.0,7429.7
3199,Asia,Grocery,2017-10,12.0,4872.08
3200,Asia,Grocery,2017-12,46.0,27051.7
3201,Asia,Grocery,2018-01,23.0,13718.61
3202,Asia,Grocery,2018-02,21.0,10718.619999999999
3203,Asia,Grocery,2018-03,21.0,10952.97
3204,Asia,Grocery,2018-04,,
3205,Asia,Grocery,2018-05,2.0,59.4
3206,Asia,Grocery,2018-06,15.0,5807.5599999999995
3207,Asia,Grocery,2018-07,19.0,6603.76
3208,Asia,Grocery,2018-08,12.0,1743.75
3209,Asia,Grocery,2018-09,3.0,2541.3999999999996
3210,Asia,Grocery,2018-10,18.0,7350.83
3211,Asia,Grocery,2018-11,15.0,7255.18
3212,Asia,Grocery,2018-12,17.0,10814.439999999999
3213,Asia,Grocery,2019-01,2.0,1585.22
3214,Asia,Grocery,2019-02,15.0,11147.91
3215,Asia,Grocery,2019-03,17.0,9168.119999999999
3216,Asia,Grocery,2019-04,10.0,6785.49
3217,Asia,Grocery,2019-05,4.0,3325.44
3218,Asia,Grocery,2019-06,32.0,14759.119999999999
3219,Asia,Grocery,2019-07,13.0,7204.639999999999
3220,Asia,Grocery,2019-08,,
3221,Asia,Grocery,2019-09,8.0,6421.0
3222,Asia,Grocery,2019-10,17.0,13165.92
3223,Asia,Grocery,2019-12,11.0,2118.04
3224,Asia,Grocery,2020-01,20.0,12643.07
3225,Asia,Grocery,2020-02,8.0,1754.9199999999998
3226,Asia,Grocery,2020-03,14.0,8922.64
3227,Asia,Grocery,2020-04,21.0,11777.039999999999
3228,Asia,Grocery,2020-05,3.0,857.0
3229,Asia,Grocery,2020-06,8.0,4910.400000000001
3230,Asia,Grocery,2020-07,30.0,10378.86
3231,Asia,Grocery,2020-08,16.0,3394.3599999999997
3232,Asia,Grocery,2020-09,37.0,21972.12
3233,Asia,Grocery,2020-10,21.0,10239.83
3234,Asia,Grocery,2020-11,21.0,3556.7999999999997
3235,Asia,Grocery,2020-12,17.0,11637.64
3236,Asia,Grocery,2016-07,18.0,2857.15
3237,Asia,Grocery,2016-08,15.0,11236.86
3238,Asia,Grocery,2017-11,,
3239,Asia,Grocery,2019-11,5.0,2607.75
3240,Asia,Health,2016-01,9.0,3487.4999999999995
3241,Asia,Health,2016-02,13.0,8186.0199999999995
3242,Asia,Health,2016-03,12.0,4788.3
3243,Asia,Health,2016-04,16.0,9400.439999999999
3244,Asia,Health,2016-05,,
3245,Asia,Health,2016-06,28.0,17408.3
3246,Asia,Health,2016-09,,
3247,Asia,Health,2016-10,14.0,8392.33
3248,Asia,Health,2016-11,17.0,5269.08
3249,Asia,Health,2016-12,12.0,5683.860000000001
3250,Asia,Health,2017-01,9.0,3565.36
3251,Asia,Health,2017-02,4.0,3912.48
3252,Asia,Health,2017-03,,
3253,Asia,Health,2017-04,1.0,38.7
3254,Asia,Health,2017-05,8.0,3073.2799999999997
3255,Asia,Health,2017-06,23.0,13614.98
3256,Asia,Health,2017-07,16.0,6805.5
3257,Asia,Health,2017-08,27.0,14451.439999999999
3258,Asia,Health,2017-09,8.0,6041.28
3259,Asia,Health,2017-10,7.0,4316.360000000001
3260,Asia,Health,2017-12,5.0,183.15
3261,Asia,Health,2018-01,23.0,12800.25
3262,Asia,Health,2018-02,8.0,4992.0
3263,Asia,Health,2018-03,,
3264,Asia,Health,2018-04,,
3265,Asia,Health,2018-05,17.0,3644.12
3266,Asia,Health,2018-06,18.0,10118.24
3267,Asia,Health,2018-07,20.0,11511.96
3268,Asia,Health,2018-08,8.0,5000.34
3269,Asia,Health,2018-09,7.0,3408.58
3270,Asia,Health,2018-10,13.0,4307.74
3271,Asia,Health,2018-11,,
3272,Asia,Health,2018-12,,
3273,Asia,Health,2019-01,7.0,4013.4399999999996
3274,Asia,Health,2019-02,7.0,5562.900000000001
3275,Asia,Health,2019-03,22.0,6925.299999999999
3276,Asia,Health,2019-04,,
3277,Asia,Health,2019-05,13.0,7431.9
3278,Asia,Health,2019-06,7.0,4866.2
3279,Asia,Health,2019-07,10.0,2508.6
3280,Asia,Health,2019-08,1.0,747.45
3281,Asia,Health,2019-09,25.0,14177.519999999999
3282,Asia,Health,2019-10,13.0,5463.82
3283,Asia,Health,2019-12,,
3284,Asia,Health,2020-01,12.0,3237.92
3285,Asia,Health,2020-02,8.0,1251.72
3286,Asia,Health,2020-03,7.0,4874.4
3287,Asia,Health,2020-04,10.0,5811.179999999999
3288,Asia,Health,2020-05,21.0,7530.549999999999
3289,Asia,Health,2020-06,20.0,8860.47
3290,Asia,Health,2020-07,7.0,3599.2599999999998
3291,Asia,Health,2020-08,6.0,5639.04
3292,Asia,Health,2020-09,13.0,2184.48
3293,Asia,Health,2020-10,24.0,12811.41
3294,Asia,Health,2020-11,16.0,9124.46
3295,Asia,Health,2020-12,4.0,3617.68
3296,Asia,Health,2016-07,2.0,943.02
3297,Asia,Health,2016-08,20.0,13320.369999999999
3298,Asia,Health,2017-11,15.0,7778.43
3299,Asia,Health,2019-11,19.0,6352.26
3300,Asia,Home,2016-01,2.0,995.3100000000001
3301,Asia,Home,2016-02,6.0,4029.39
3302,Asia,Home,2016-03,8.0,4560.18
3303,Asia,Home,2016-04,15.0,6443.879999999999
3304,Asia,Home,2016-05,11.0,2774.95
3305,Asia,Home,2016-06,,
3306,Asia,Home,2016-09,4.0,1961.96
3307,Asia,Home,2016-10,26.0,12354.06
3308,Asia,Home,2016-11,18.0,13336.84
3309,Asia,Home,2016-12,8.0,6579.0599999999995
3310,Asia,Home,2017-01,19.0,11087.05
3311,Asia,Home,2017-02,,
3312,Asia,Home,2017-03,18.0,9249.039999999999
3313,Asia,Home,2017-04,9.0,3845.12
3314,Asia,Home,2017-05,14.0,7171.24
3315,Asia,Home,2017-06,15.0,6014.25
3316,Asia,Home,2017-07,18.0,5725.04
3317,Asia,Home,2017-08,12.0,5608.65
3318,Asia,Home,2017-09,8.0,4589.82
3319,Asia,Home,2017-10,,
3320,Asia,Home,2017-12,13.0,3876.4199999999996
3321,Asia,Home,2018-01,20.0,4276.08
3322,Asia,Home,2018-02,21.0,7822.36
3323,Asia,Home,2018-03,6.0,4038.8
3324,Asia,Home,2018-04,5.0,3626.9999999999995
3325,Asia,Home,2018-05,9.0,4304.66
3326,Asia,Home,2018-06,12.0,6930.360000000001
3327,Asia,Home,2018-07,15.0,8508.38
3328,Asia,Home,2018-08,4.0,2999.2000000000003
3329,Asia,Home,2018-09,,
3330,Asia,Home,2018-10,11.0,6001.410000000001
3331,Asia,Home,2018-11,9.0,1109.04
3332,Asia,Home,2018-12,12.0,8200.35
3333,Asia,Home,2019-01,,
3334,Asia,Home,2019-02,11.0,7917.800000000001
3335,Asia,Home,2019-03,5.0,1104.66
3336,Asia,Home,2019-04,,
3337,Asia,Home,2019-05,8.0,5349.36
3338,Asia,Home,2019-06,29.0,20378.3
3339,Asia,Home,2019-07,10.0,8002.08
3340,Asia,Home,2019-08,27.0,8356.64
3341,Asia,Home,2019-09,18.0,7526.63
3342,Asia,Home,2019-10,,
3343,Asia,Home,2019-12,,
3344,Asia,Home,2020-01,11.0,5999.63
3345,Asia,Home,2020-02,8.0,1316.04
3346,Asia,Home,2020-03,11.0,4537.2
3347,Asia,Home,2020-04,11.0,571.6
3348,Asia,Home,2020-05,8.0,1164.8
3349,Asia,Home,2020-06,,
3350,Asia,Home,2020-07,21.0,13918.68
3351,Asia,Home,2020-08,15.0,9045.93
3352,Asia,Home,2020-09,6.0,3011.6400000000003
3353,Asia,Home,2020-10,14.0,7903.52
3354,Asia,Home,2020-11,20.0,5166.75
3355,Asia,Home,2020-12,15.0,3694.95
3356,Asia,Home,2016-07,16.0,4441.2
3357,Asia,Home,2016-08,5.0,3955.6800000000003
3358,Asia,Home,2017-11,15.0,5971.08
3359,Asia,Home,2019-11,12.0,5750.3099999999995
3360,Asia,Industrial,2016-01,10.0,7955.820000000001
3361,Asia,Industrial,2016-02,23.0,11989.339999999998
3362,Asia,Industrial,2016-03,1.0,156.04
3363,Asia,Industrial,2016-04,6.0,2447.28
3364,Asia,Industrial,2016-05,16.0,6767.4400000000005
3365,Asia,Industrial,2016-06,31.0,12896.55
3366,Asia,Industrial,2016-09,25.0,13345.46
3367,Asia,Industrial,2016-10,13.0,877.8
3368,Asia,Industrial,2016-11,14.0,6544.9
3369,Asia,Industrial,2016-12,19.0,15351.749999999998
3370,Asia,Industrial,2017-01,24.0,15886.239999999998
3371,Asia,Industrial,2017-02,12.0,818.7
3372,Asia,Industrial,2017-03,22.0,10083.96
3373,Asia,Industrial,2017-04,15.0,4506.4
3374,Asia,Industrial,2017-05,16.0,8703.099999999999
3375,Asia,Industrial,2017-06,21.0,7601.91
3376,Asia,Industrial,2017-07,5.0,2602.96
3377,Asia,Industrial,2017-08,9.0,6250.049999999999
3378,Asia,Industrial,2017-09,31.0,15959.59
3379,Asia,Industrial,2017-10,10.0,3801.6000000000004
3380,Asia,Industrial,2017-12,9.0,4956.12
3381,Asia,Industrial,2018-01,7.0,569.38
3382,Asia,Industrial,2018-02,9.0,1494.96
3383,Asia,Industrial,2018-03,10.0,8963.5
3384,Asia,Industrial,2018-04,28.0,8401.67
3385,Asia,Industrial,2018-05,3.0,893.9399999999999
3386,Asia,Industrial,2018-06,19.0,12691.89
3387,Asia,Industrial,2018-07,19.0,8712.8
3388,Asia,Industrial,2018-08,45.0,24009.1
3389,Asia,Industrial,2018-09,9.0,4266.45
3390,Asia,Industrial,2018-10,7.0,3430.35
3391,Asia,Industrial,2018-11,19.0,7052.5599999999995
3392,Asia,Industrial,2018-12,11.0,1951.72
3393,Asia,Industrial,2019-01,10.0,8575.0
3394,Asia,Industrial,2019-02,12.0,2451.0299999999997
3395,Asia,Industrial,2019-03,13.0,5910.299999999999
3396,Asia,Industrial,2019-04,20.0,9174.99
3397,Asia,Industrial,2019-05,8.0,6803.28
3398,Asia,Industrial,2019-06,19.0,9118.82
3399,Asia,Industrial,2019-07,,
3400,Asia,Industrial,2019-08,13.0,3459.6
3401,Asia,Industrial,2019-09,27.0,11556.99
3402,Asia,Industrial,2019-10,7.0,6119.4
3403,Asia,Industrial,2019-12,4.0,2385.21
3404,Asia,Industrial,2020-01,12.0,6993.48
3405,Asia,Industrial,2020-02,12.0,6351.2699999999995
3406,Asia,Industrial,2020-03,15.0,6773.219999999999
3407,Asia,Industrial,2020-04,24.0,8156.85
3408,Asia,Industrial,2020-05,16.0,9777.42
3409,Asia,Industrial,2020-06,6.0,1045.44
3410,Asia,Industrial,2020-07,4.0,657.36
3411,Asia,Industrial,2020-08,34.0,17962.98
3412,Asia,Industrial,2020-09,10.0,3330.6
3413,Asia,Industrial,2020-10,13.0,6083.28
3414,Asia,Industrial,2020-11,10.0,7910.1
3415,Asia,Industrial,2020-12,18.0,5582.08
3416,Asia,Industrial,2016-07,23.0,7316.5199999999995
3417,Asia,Industrial,2016-08,28.0,8986.38
3418,Asia,Industrial,2017-11,12.0,9944.52
3419,Asia,Industrial,2019-11,11.0,640.9699999999999
3420,Asia,Jewelery,2016-01,14.0,5493.12
3421,Asia,Jewelery,2016-02,6.0,3163.88
3422,Asia,Jewelery,2016-03,15.0,3405.84
3423,Asia,Jewelery,2016-04,17.0,7722.3099999999995
3424,Asia,Jewelery,2016-05,3.0,448.2
3425,Asia,Jewelery,2016-06,26.0,15775.83
3426,Asia,Jewelery,2016-09,,
3427,Asia,Jewelery,2016-10,23.0,9813.16
3428,Asia,Jewelery,2016-11,17.0,5906.54
3429,Asia,Jewelery,2016-12,9.0,3281.04
3430,Asia,Jewelery,2017-01,24.0,18998.78
3431,Asia,Jewelery,2017-02,14.0,6904.74
3432,Asia,Jewelery,2017-03,7.0,6098.049999999999
3433,Asia,Jewelery,2017-04,14.0,2798.4
3434,Asia,Jewelery,2017-05,10.0,2269.02
3435,Asia,Jewelery,2017-06,22.0,12301.5
3436,Asia,Jewelery,2017-07,21.0,16603.96
3437,Asia,Jewelery,2017-08,23.0,5437.65
3438,Asia,Jewelery,2017-09,14.0,3065.88
3439,Asia,Jewelery,2017-10,,
3440,Asia,Jewelery,2017-12,8.0,1368.96
3441,Asia,Jewelery,2018-01,17.0,6212.5599999999995
3442,Asia,Jewelery,2018-02,21.0,10551.16
3443,Asia,Jewelery,2018-03,10.0,5331.2
3444,Asia,Jewelery,2018-04,27.0,7788.5199999999995
3445,Asia,Jewelery,2018-05,7.0,2408.56
3446,Asia,Jewelery,2018-06,16.0,7767.46
3447,Asia,Jewelery,2018-07,25.0,12050.15
3448,Asia,Jewelery,2018-08,24.0,10022.31
3449,Asia,Jewelery,2018-09,28.0,11954.83
3450,Asia,Jewelery,2018-10,7.0,4674.95
3451,Asia,Jewelery,2018-11,9.0,7226.01
3452,Asia,Jewelery,2018-12,,
3453,Asia,Jewelery,2019-01,10.0,4672.8
3454,Asia,Jewelery,2019-02,7.0,3375.1800000000003
3455,Asia,Jewelery,2019-03,5.0,183.15
3456,Asia,Jewelery,2019-04,15.0,5838.57
3457,Asia,Jewelery,2019-05,4.0,3180.6
3458,Asia,Jewelery,2019-06,14.0,4098.6
3459,Asia,Jewelery,2019-07,14.0,4213.3
3460,Asia,Jewelery,2019-08,16.0,4729.46
3461,Asia,Jewelery,2019-09,18.0,6009.4400000000005
3462,Asia,Jewelery,2019-10,12.0,2678.22
3463,Asia,Jewelery,2019-12,9.0,6511.139999999999
3464,Asia,Jewelery,2020-01,19.0,5893.74
3465,Asia,Jewelery,2020-02,36.0,16538.82
3466,Asia,Jewelery,2020-03,,
3467,Asia,Jewelery,2020-04,11.0,7121.459999999999
3468,Asia,Jewelery,2020-05,33.0,14025.18
3469,Asia,Jewelery,2020-06,18.0,5190.7
3470,Asia,Jewelery,2020-07,5.0,1813.77
3471,Asia,Jewelery,2020-08,2.0,1832.1
3472,Asia,Jewelery,2020-09,9.0,5249.7
3473,Asia,Jewelery,2020-10,12.0,4847.42
3474,Asia,Jewelery,2020-11,24.0,16941.95
3475,Asia,Jewelery,2020-12,12.0,9727.900000000001
3476,Asia,Jewelery,2016-07,17.0,8244.36
3477,Asia,Jewelery,2016-08,13.0,4203.99
3478,Asia,Jewelery,2017-11,22.0,7550.450000000001
3479,Asia,Jewelery,2019-11,37.0,15935.579999999998
3480,Asia,Kids,2016-01,7.0,1242.15
3481,Asia,Kids,2016-02,4.0,3020.4
3482,Asia,Kids,2016-03,10.0,2205.8500000000004
3483,Asia,Kids,2016-04,12.0,4384.4
3484,Asia,Kids,2016-05,8.0,3916.62
3485,Asia,Kids,2016-06,33.0,10356.039999999999
3486,Asia,Kids,2016-09,20.0,8481.4
3487,Asia,Kids,2016-10,11.0,5145.700000000001
3488,Asia,Kids,2016-11,22.0,13257.039999999999
3489,Asia,Kids,2016-12,22.0,10678.08
3490,Asia,Kids,2017-01,2.0,594.54
3491,Asia,Kids,2017-02,17.0,11054.050000000001
3492,Asia,Kids,2017-03,25.0,13347.25
3493,Asia,Kids,2017-04,22.0,11807.91
3494,Asia,Kids,2017-05,29.0,13069.98
3495,Asia,Kids,2017-06,8.0,6270.08
3496,Asia,Kids,2017-07,8.0,4116.0
3497,Asia,Kids,2017-08,14.0,4944.799999999999
3498,Asia,Kids,2017-09,15.0,3911.79
3499,Asia,Kids,2017-10,4.0,3541.44
3500,Asia,Kids,2017-12,26.0,7568.84
3501,Asia,Kids,2018-01,38.0,20116.760000000002
3502,Asia,Kids,2018-02,18.0,2012.5600000000002
3503,Asia,Kids,2018-03,12.0,1932.7999999999997
3504,Asia,Kids,2018-04,14.0,7423.42
3505,Asia,Kids,2018-05,,
3506,Asia,Kids,2018-06,,
3507,Asia,Kids,2018-07,10.0,5751.3
3508,Asia,Kids,2018-08,17.0,10351.32
3509,Asia,Kids,2018-09,1.0,878.6
3510,Asia,Kids,2018-10,31.0,15748.96
3511,Asia,Kids,2018-11,15.0,5463.91
3512,Asia,Kids,2018-12,13.0,3146.43
3513,Asia,Kids,2019-01,4.0,1280.6
3514,Asia,Kids,2019-02,5.0,54.6
3515,Asia,Kids,2019-03,11.0,1514.96
3516,Asia,Kids,2019-04,4.0,1094.6399999999999
3517,Asia,Kids,2019-05,9.0,218.70000000000002
3518,Asia,Kids,2019-06,5.0,1197.51
3519,Asia,Kids,2019-07,1.0,240.56
3520,Asia,Kids,2019-08,,
3521,Asia,Kids,2019-09,3.0,888.3
3522,Asia,Kids,2019-10,1.0,588.48
3523,Asia,Kids,2019-12,2.0,1167.53
3524,Asia,Kids,2020-01,9.0,2770.2000000000003
3525,Asia,Kids,2020-02,18.0,6633.22
3526,Asia,Kids,2020-03,,
3527,Asia,Kids,2020-04,9.0,7654.5
3528,Asia,Kids,2020-05,26.0,11077.74
3529,Asia,Kids,2020-06,15.0,4723.17
3530,Asia,Kids,2020-07,4.0,119.03999999999999
3531,Asia,Kids,2020-08,5.0,1659.12
3532,Asia,Kids,2020-09,21.0,16102.35
3533,Asia,Kids,2020-10,13.0,5716.01
3534,Asia,Kids,2020-11,32.0,17597.64
3535,Asia,Kids,2020-12,,
3536,Asia,Kids,2016-07,7.0,2706.5499999999997
3537,Asia,Kids,2016-08,7.0,1151.5
3538,Asia,Kids,2017-11,11.0,6150.719999999999
3539,Asia,Kids,2019-11,8.0,254.8
3540,Asia,Movies,2016-01,29.0,17090.14
3541,Asia,Movies,2016-02,8.0,2722.04
3542,Asia,Movies,2016-03,13.0,8924.06
3543,Asia,Movies,2016-04,6.0,2633.4
3544,Asia,Movies,2016-05,6.0,4162.679999999999
3545,Asia,Movies,2016-06,14.0,5648.8
3546,Asia,Movies,2016-09,12.0,6782.5
3547,Asia,Movies,2016-10,5.0,3295.41
3548,Asia,Movies,2016-11,28.0,14354.18
3549,Asia,Movies,2016-12,12.0,6902.419999999999
3550,Asia,Movies,2017-01,11.0,7756.56
3551,Asia,Movies,2017-02,6.0,4001.3999999999996
3552,Asia,Movies,2017-03,7.0,3355.56
3553,Asia,Movies,2017-04,22.0,14735.189999999999
3554,Asia,Movies,2017-05,,
3555,Asia,Movies,2017-06,1.0,941.78
3556,Asia,Movies,2017-07,5.0,829.78
3557,Asia,Movies,2017-08,26.0,8787.96
3558,Asia,Movies,2017-09,16.0,12885.36
3559,Asia,Movies,2017-10,23.0,8270.369999999999
3560,Asia,Movies,2017-12,25.0,20352.31
3561,Asia,Movies,2018-01,8.0,995.3899999999999
3562,Asia,Movies,2018-02,29.0,6879.0
3563,Asia,Movies,2018-03,1.0,216.9
3564,Asia,Movies,2018-04,13.0,5434.889999999999
3565,Asia,Movies,2018-05,25.0,16809.760000000002
3566,Asia,Movies,2018-06,2.0,487.68
3567,Asia,Movies,2018-07,23.0,12284.98
3568,Asia,Movies,2018-08,,
3569,Asia,Movies,2018-09,15.0,5225.7
3570,Asia,Movies,2018-10,9.0,4941.18
3571,Asia,Movies,2018-11,9.0,2712.96
3572,Asia,Movies,2018-12,29.0,10288.650000000001
3573,Asia,Movies,2019-01,,
3574,Asia,Movies,2019-02,19.0,6497.0599999999995
3575,Asia,Movies,2019-03,16.0,9416.2
3576,Asia,Movies,2019-04,18.0,9002.48
3577,Asia,Movies,2019-05,24.0,11005.99
3578,Asia,Movies,2019-06,12.0,3267.48
3579,Asia,Movies,2019-07,11.0,2423.04
3580,Asia,Movies,2019-08,13.0,5201.45
3581,Asia,Movies,2019-09,16.0,9120.49
3582,Asia,Movies,2019-10,8.0,3047.9399999999996
3583,Asia,Movies,2019-12,9.0,6906.549999999999
3584,Asia,Movies,2020-01,1.0,156.6
3585,Asia,Movies,2020-02,23.0,18496.199999999997
3586,Asia,Movies,2020-03,13.0,7164.4
3587,Asia,Movies,2020-04,23.0,14447.26
3588,Asia,Movies,2020-05,2.0,345.8
3589,Asia,Movies,2020-06,6.0,4268.7
3590,Asia,Movies,2020-07,23.0,15284.28
3591,Asia,Movies,2020-08,30.0,13706.68
3592,Asia,Movies,2020-09,37.0,21665.21
3593,Asia,Movies,2020-10,8.0,451.36
3594,Asia,Movies,2020-11,16.0,11314.96
3595,Asia,Movies,2020-12,,
3596,Asia,Movies,2016-07,32.0,14364.56
3597,Asia,Movies,2016-08,17.0,7763.54
3598,Asia,Movies,2017-11,9.0,4252.5
3599,Asia,Movies,2019-11,,
3600,Asia,Music,2016-01,,
3601,Asia,Music,2016-02,1.0,461.53999999999996
3602,Asia,Music,2016-03,20.0,10855.789999999999
3603,Asia,Music,2016-04,10.0,3889.2599999999998
3604,Asia,Music,2016-05,10.0,7621.84
3605,Asia,Music,2016-06,19.0,5680.84
3606,Asia,Music,2016-09,12.0,6960.69
3607,Asia,Music,2016-10,13.0,7091.63
3608,Asia,Music,2016-11,12.0,7521.15
3609,Asia,Music,2016-12,19.0,13181.84
3610,Asia,Music,2017-01,13.0,3580.04
3611,Asia,Music,2017-02,11.0,4311.1900000000005
3612,Asia,Music,2017-03,12.0,4340.46
3613,Asia,Music,2017-04,10.0,5529.57
3614,Asia,Music,2017-05,18.0,4857.16
3615,Asia,Music,2017-06,5.0,2522.0
3616,Asia,Music,2017-07,10.0,3190.0499999999997
3617,Asia,Music,2017-08,10.0,3023.5199999999995
3618,Asia,Music,2017-09,,
3619,Asia,Music,2017-10,22.0,8824.619999999999
3620,Asia,Music,2017-12,15.0,8156.879999999999
3621,Asia,Music,2018-01,,
3622,Asia,Music,2018-02,32.0,19718.489999999998
3623,Asia,Music,2018-03,10.0,5424.3
3624,Asia,Music,2018-04,9.0,5155.65
3625,Asia,Music,2018-05,22.0,12001.97
3626,Asia,Music,2018-06,6.0,4388.400000000001
3627,Asia,Music,2018-07,24.0,10195.64
3628,Asia,Music,2018-08,2.0,715.86
3629,Asia,Music,2018-09,1.0,417.68
3630,Asia,Music,2018-10,7.0,5914.09
3631,Asia,Music,2018-11,14.0,10634.760000000002
3632,Asia,Music,2018-12,14.0,5191.11
3633,Asia,Music,2019-01,29.0,22445.86
3634,Asia,Music,2019-02,10.0,5726.62
3635,Asia,Music,2019-03,20.0,8212.1
3636,Asia,Music,2019-04,21.0,6719.87
3637,Asia,Music,2019-05,21.0,15436.82
3638,Asia,Music,2019-06,10.0,1988.1599999999999
3639,Asia,Music,2019-07,5.0,2069.1
3640,Asia,Music,2019-08,17.0,1140.6
3641,Asia,Music,2019-09,19.0,1223.6
3642,Asia,Music,2019-10,20.0,13891.75
3643,Asia,Music,2019-12,10.0,7983.33
3644,Asia,Music,2020-01,13.0,8975.51
3645,Asia,Music,2020-02,7.0,2095.2
3646,Asia,Music,2020-03,22.0,5575.799999999999
3647,Asia,Music,2020-04,7.0,5922.0
3648,Asia,Music,2020-05,31.0,12909.72
3649,Asia,Music,2020-06,9.0,6857.099999999999
3650,Asia,Music,2020-07,30.0,9497.32
3651,Asia,Music,2020-08,10.0,7061.599999999999
3652,Asia,Music,2020-09,35.0,8487.64
3653,Asia,Music,2020-10,4.0,446.40000000000003
3654,Asia,Music,2020-11,16.0,9665.4
3655,Asia,Music,2020-12,3.0,2589.84
3656,Asia,Music,2016-07,,
3657,Asia,Music,2016-08,21.0,7160.43
3658,Asia,Music,2017-11,8.0,1589.1599999999999
3659,Asia,Music,2019-11,21.0,8843.81
3660,Asia,Outdoors,2016-01,10.0,4568.7
3661,Asia,Outdoors,2016-02,8.0,2156.48
3662,Asia,Outdoors,2016-03,15.0,5378.5199999999995
3663,Asia,Outdoors,2016-04,26.0,8180.98
3664,Asia,Outdoors,2016-05,5.0,4345.25
3665,Asia,Outdoors,2016-06,7.0,878.43
3666,Asia,Outdoors,2016-09,,
3667,Asia,Outdoors,2016-10,9.0,7223.73
3668,Asia,Outdoors,2016-11,,
3669,Asia,Outdoors,2016-12,,
3670,Asia,Outdoors,2017-01,37.0,11516.63
3671,Asia,Outdoors,2017-02,12.0,1788.7
3672,Asia,Outdoors,2017-03,24.0,12845.74
3673,Asia,Outdoors,2017-04,8.0,4834.24
3674,Asia,Outdoors,2017-05,,
3675,Asia,Outdoors,2017-06,21.0,8279.84
3676,Asia,Outdoors,2017-07,20.0,4642.21
3677,Asia,Outdoors,2017-08,10.0,3326.4
3678,Asia,Outdoors,2017-09,15.0,3940.3
3679,Asia,Outdoors,2017-10,31.0,16130.4
3680,Asia,Outdoors,2017-12,48.0,27664.89
3681,Asia,Outdoors,2018-01,9.0,2159.58
3682,Asia,Outdoors,2018-02,37.0,23977.08
3683,Asia,Outdoors,2018-03,,
3684,Asia,Outdoors,2018-04,3.0,2006.0099999999998
3685,Asia,Outdoors,2018-05,16.0,11687.76
3686,Asia,Outdoors,2018-06,18.0,5479.4
3687,Asia,Outdoors,2018-07,2.0,1461.12
3688,Asia,Outdoors,2018-08,1.0,32.76
3689,Asia,Outdoors,2018-09,6.0,1546.88
3690,Asia,Outdoors,2018-10,11.0,9489.3
3691,Asia,Outdoors,2018-11,5.0,1550.48
3692,Asia,Outdoors,2018-12,9.0,4414.5
3693,Asia,Outdoors,2019-01,18.0,13264.99
3694,Asia,Outdoors,2019-02,7.0,5370.96
3695,Asia,Outdoors,2019-03,38.0,22898.420000000002
3696,Asia,Outdoors,2019-04,8.0,4758.8099999999995
3697,Asia,Outdoors,2019-05,,
3698,Asia,Outdoors,2019-06,1.0,299.85999999999996
3699,Asia,Outdoors,2019-07,14.0,8944.8
3700,Asia,Outdoors,2019-08,13.0,8658.52
3701,Asia,Outdoors,2019-09,1.0,657.06
3702,Asia,Outdoors,2019-10,19.0,8406.92
3703,Asia,Outdoors,2019-12,26.0,7592.94
3704,Asia,Outdoors,2020-01,25.0,16148.69
3705,Asia,Outdoors,2020-02,9.0,5074.0
3706,Asia,Outdoors,2020-03,9.0,5018.59
3707,Asia,Outdoors,2020-04,22.0,10345.68
3708,Asia,Outdoors,2020-05,13.0,2735.0699999999997
3709,Asia,Outdoors,2020-06,18.0,11975.689999999999
3710,Asia,Outdoors,2020-07,26.0,11195.300000000001
3711,Asia,Outdoors,2020-08,9.0,2744.19
3712,Asia,Outdoors,2020-09,41.0,18423.260000000002
3713,Asia,Outdoors,2020-10,19.0,7141.13
3714,Asia,Outdoors,2020-11,8.0,1804.27
3715,Asia,Outdoors,2020-12,8.0,5460.12
3716,Asia,Outdoors,2016-07,7.0,5625.9
3717,Asia,Outdoors,2016-08,,
3718,Asia,Outdoors,2017-11,23.0,7538.4400000000005
3719,Asia,Outdoors,2019-11,5.0,2758.8999999999996
3720,Asia,Shoes,2016-01,6.0,1726.35
3721,Asia,Shoes,2016-02,19.0,6784.8099999999995
3722,Asia,Shoes,2016-03,19.0,3141.2999999999997
3723,Asia,Shoes,2016-04,4.0,1621.02
3724,Asia,Shoes,2016-05,3.0,451.61999999999995
3725,Asia,Shoes,2016-06,24.0,7151.46
3726,Asia,Shoes,2016-09,16.0,11548.18
3727,Asia,Shoes,2016-10,7.0,2359.96
3728,Asia,Shoes,2016-11,10.0,2711.2799999999997
3729,Asia,Shoes,2016-12,16.0,10490.4
3730,Asia,Shoes,2017-01,21.0,5384.87
3731,Asia,Shoes,2017-02,28.0,16716.32
3732,Asia,Shoes,2017-03,2.0,1497.1999999999998
3733,Asia,Shoes,2017-04,14.0,4524.0199999999995
3734,Asia,Shoes,2017-05,10.0,99.0
3735,Asia,Shoes,2017-06,12.0,3262.2
3736,Asia,Shoes,2017-07,19.0,10952.32
3737,Asia,Shoes,2017-08,18.0,8821.4
3738,Asia,Shoes,2017-09,4.0,1261.6799999999998
3739,Asia,Shoes,2017-10,6.0,1265.87
3740,Asia,Shoes,2017-12,24.0,9023.699999999999
3741,Asia,Shoes,2018-01,9.0,2600.71
3742,Asia,Shoes,2018-02,,
3743,Asia,Shoes,2018-03,19.0,11584.76
3744,Asia,Shoes,2018-04,,
3745,Asia,Shoes,2018-05,,
3746,Asia,Shoes,2018-06,7.0,568.26
3747,Asia,Shoes,2018-07,3.0,1667.35
3748,Asia,Shoes,2018-08,12.0,5473.4
3749,Asia,Shoes,2018-09,8.0,3239.6
3750,Asia,Shoes,2018-10,11.0,6141.96
3751,Asia,Shoes,2018-11,,
3752,Asia,Shoes,2018-12,12.0,1540.68
3753,Asia,Shoes,2019-01,15.0,6589.900000000001
3754,Asia,Shoes,2019-02,18.0,9913.14
3755,Asia,Shoes,2019-03,,
3756,Asia,Shoes,2019-04,9.0,6578.41
3757,Asia,Shoes,2019-05,,
3758,Asia,Shoes,2019-06,7.0,2954.46
3759,Asia,Shoes,2019-07,24.0,12716.14
3760,Asia,Shoes,2019-08,8.0,2133.4199999999996
3761,Asia,Shoes,2019-09,16.0,1063.8799999999999
3762,Asia,Shoes,2019-10,8.0,6338.11
3763,Asia,Shoes,2019-12,16.0,5579.1
3764,Asia,Shoes,2020-01,10.0,5391.469999999999
3765,Asia,Shoes,2020-02,18.0,3166.84
3766,Asia,Shoes,2020-03,17.0,7214.57
3767,Asia,Shoes,2020-04,,
3768,Asia,Shoes,2020-05,29.0,20096.84
3769,Asia,Shoes,2020-06,24.0,16049.82
3770,Asia,Shoes,2020-07,25.0,13466.640000000001
3771,Asia,Shoes,2020-08,13.0,8580.57
3772,Asia,Shoes,2020-09,15.0,3237.5199999999995
3773,Asia,Shoes,2020-10,21.0,4478.4
3774,Asia,Shoes,2020-11,6.0,4440.6
3775,Asia,Shoes,2020-12,2.0,1447.02
3776,Asia,Shoes,2016-07,13.0,8978.9
3777,Asia,Shoes,2016-08,38.0,18147.14
3778,Asia,Shoes,2017-11,19.0,9808.0
3779,Asia,Shoes,2019-11,6.0,3934.3199999999997
3780,Asia,Sports,2016-01,10.0,1587.8
3781,Asia,Sports,2016-02,,
3782,Asia,Sports,2016-03,29.0,15191.48
3783,Asia,Sports,2016-04,27.0,3837.6999999999994
3784,Asia,Sports,2016-05,,
3785,Asia,Sports,2016-06,8.0,5505.599999999999
3786,Asia,Sports,2016-09,16.0,8860.55
3787,Asia,Sports,2016-10,7.0,3204.46
3788,Asia,Sports,2016-11,6.0,3428.7200000000003
3789,Asia,Sports,2016-12,23.0,17460.66
3790,Asia,Sports,2017-01,19.0,11241.35
3791,Asia,Sports,2017-02,17.0,6600.02
3792,Asia,Sports,2017-03,26.0,10257.76
3793,Asia,Sports,2017-04,4.0,99.9
3794,Asia,Sports,2017-05,6.0,3696.42
3795,Asia,Sports,2017-06,1.0,486.4
3796,Asia,Sports,2017-07,17.0,5528.65
3797,Asia,Sports,2017-08,24.0,11712.61
3798,Asia,Sports,2017-09,6.0,834.96
3799,Asia,Sports,2017-10,7.0,4740.12
3800,Asia,Sports,2017-12,16.0,6107.04
3801,Asia,Sports,2018-01,34.0,14258.34
3802,Asia,Sports,2018-02,2.0,710.04
3803,Asia,Sports,2018-03,13.0,11217.08
3804,Asia,Sports,2018-04,5.0,289.90999999999997
3805,Asia,Sports,2018-05,28.0,9621.85
3806,Asia,Sports,2018-06,24.0,10802.53
3807,Asia,Sports,2018-07,13.0,6924.51
3808,Asia,Sports,2018-08,14.0,6610.66
3809,Asia,Sports,2018-09,23.0,12416.779999999999
3810,Asia,Sports,2018-10,,
3811,Asia,Sports,2018-11,11.0,5453.82
3812,Asia,Sports,2018-12,10.0,2092.5
3813,Asia,Sports,2019-01,,
3814,Asia,Sports,2019-02,10.0,618.8000000000001
3815,Asia,Sports,2019-03,18.0,9835.349999999999
3816,Asia,Sports,2019-04,,
3817,Asia,Sports,2019-05,19.0,15177.669999999998
3818,Asia,Sports,2019-06,20.0,14991.74
3819,Asia,Sports,2019-07,19.0,7645.0199999999995
3820,Asia,Sports,2019-08,,
3821,Asia,Sports,2019-09,13.0,1839.81
3822,Asia,Sports,2019-10,19.0,9657.09
3823,Asia,Sports,2019-12,20.0,6836.299999999999
3824,Asia,Sports,2020-01,9.0,7133.490000000001
3825,Asia,Sports,2020-02,12.0,6396.209999999999
3826,Asia,Sports,2020-03,19.0,4596.2
3827,Asia,Sports,2020-04,19.0,3201.67
3828,Asia,Sports,2020-05,11.0,9017.039999999999
3829,Asia,Sports,2020-06,8.0,3104.64
3830,Asia,Sports,2020-07,21.0,6533.55
3831,Asia,Sports,2020-08,37.0,24990.670000000002
3832,Asia,Sports,2020-09,22.0,11414.12
3833,Asia,Sports,2020-10,4.0,2424.2400000000002
3834,Asia,Sports,2020-11,25.0,11846.470000000001
3835,Asia,Sports,2020-12,6.0,5194.320000000001
3836,Asia,Sports,2016-07,12.0,8074.8
3837,Asia,Sports,2016-08,14.0,3623.14
3838,Asia,Sports,2017-11,19.0,11048.26
3839,Asia,Sports,2019-11,28.0,20193.8
3840,Asia,Tools,2016-01,15.0,9091.2
3841,Asia,Tools,2016-02,16.0,6369.799999999999
3842,Asia,Tools,2016-03,6.0,3267.84
3843,Asia,Tools,2016-04,13.0,3921.58
3844,Asia,Tools,2016-05,24.0,9201.349999999999
3845,Asia,Tools,2016-06,17.0,4979.389999999999
3846,Asia,Tools,2016-09,10.0,3699.0
3847,Asia,Tools,2016-10,7.0,4803.8099999999995
3848,Asia,Tools,2016-11,17.0,8567.54
3849,Asia,Tools,2016-12,9.0,4956.0599999999995
3850,Asia,Tools,2017-01,20.0,12127.59
3851,Asia,Tools,2017-02,7.0,2324.3399999999997
3852,Asia,Tools,2017-03,17.0,12215.86
3853,Asia,Tools,2017-04,17.0,12472.439999999999
3854,Asia,Tools,2017-05,12.0,5308.679999999999
3855,Asia,Tools,2017-06,4.0,2818.48
3856,Asia,Tools,2017-07,15.0,5072.88
3857,Asia,Tools,2017-08,19.0,7696.67
3858,Asia,Tools,2017-09,17.0,5828.54
3859,Asia,Tools,2017-10,9.0,4334.85
3860,Asia,Tools,2017-12,21.0,7579.98
3861,Asia,Tools,2018-01,,
3862,Asia,Tools,2018-02,21.0,13291.279999999999
3863,Asia,Tools,2018-03,11.0,3658.62
3864,Asia,Tools,2018-04,9.0,4052.7
3865,Asia,Tools,2018-05,35.0,14096.15
3866,Asia,Tools,2018-06,13.0,10699.880000000001
3867,Asia,Tools,2018-07,19.0,13927.19
3868,Asia,Tools,2018-08,6.0,3938.7
3869,Asia,Tools,2018-09,15.0,10635.1
3870,Asia,Tools,2018-10,32.0,22029.899999999998
3871,Asia,Tools,2018-11,13.0,8783.95
3872,Asia,Tools,2018-12,10.0,4550.18
3873,Asia,Tools,2019-01,10.0,7982.7
3874,Asia,Tools,2019-02,12.0,9285.119999999999
3875,Asia,Tools,2019-03,23.0,14291.73
3876,Asia,Tools,2019-04,8.0,4523.5199999999995
3877,Asia,Tools,2019-05,13.0,6583.52
3878,Asia,Tools,2019-06,39.0,29810.309999999998
3879,Asia,Tools,2019-07,19.0,9325.369999999999
3880,Asia,Tools,2019-08,,
3881,Asia,Tools,2019-09,7.0,2756.89
3882,Asia,Tools,2019-10,2.0,801.64
3883,Asia,Tools,2019-12,25.0,15112.1
3884,Asia,Tools,2020-01,,
3885,Asia,Tools,2020-02,15.0,3296.66
3886,Asia,Tools,2020-03,8.0,5300.999999999999
3887,Asia,Tools,2020-04,,
3888,Asia,Tools,2020-05,1.0,537.57
3889,Asia,Tools,2020-06,6.0,1207.5
3890,Asia,Tools,2020-07,25.0,16352.869999999999
3891,Asia,Tools,2020-08,15.0,2598.12
3892,Asia,Tools,2020-09,9.0,6001.92
3893,Asia,Tools,2020-10,29.0,16418.239999999998
3894,Asia,Tools,2020-11,27.0,10822.759999999998
3895,Asia,Tools,2020-12,21.0,8646.82
3896,Asia,Tools,2016-07,23.0,10880.23
3897,Asia,Tools,2016-08,20.0,11242.15
3898,Asia,Tools,2017-11,11.0,3560.4
3899,Asia,Tools,2019-11,,
3900,Asia,Toys,2016-01,19.0,8465.52
3901,Asia,Toys,2016-02,3.0,1389.96
3902,Asia,Toys,2016-03,19.0,5351.5599999999995
3903,Asia,Toys,2016-04,16.0,14001.98
3904,Asia,Toys,2016-05,14.0,10312.33
3905,Asia,Toys,2016-06,9.0,2034.09
3906,Asia,Toys,2016-09,18.0,8362.0
3907,Asia,Toys,2016-10,17.0,7089.96
3908,Asia,Toys,2016-11,13.0,6602.18
3909,Asia,Toys,2016-12,28.0,16523.19
3910,Asia,Toys,2017-01,4.0,1121.04
3911,Asia,Toys,2017-02,,
3912,Asia,Toys,2017-03,6.0,1052.24
3913,Asia,Toys,2017-04,9.0,4826.42
3914,Asia,Toys,2017-05,28.0,12591.9
3915,Asia,Toys,2017-06,12.0,2107.84
3916,Asia,Toys,2017-07,14.0,4860.92
3917,Asia,Toys,2017-08,23.0,10739.78
3918,Asia,Toys,2017-09,13.0,3068.16
3919,Asia,Toys,2017-10,31.0,13004.72
3920,Asia,Toys,2017-12,23.0,10667.56
3921,Asia,Toys,2018-01,4.0,609.51
3922,Asia,Toys,2018-02,20.0,13891.779999999999
3923,Asia,Toys,2018-03,7.0,2536.44
3924,Asia,Toys,2018-04,8.0,7674.78
3925,Asia,Toys,2018-05,2.0,471.88
3926,Asia,Toys,2018-06,32.0,13124.24
3927,Asia,Toys,2018-07,13.0,8553.24
3928,Asia,Toys,2018-08,4.0,636.51
3929,Asia,Toys,2018-09,17.0,5875.400000000001
3930,Asia,Toys,2018-10,31.0,12785.970000000001
3931,Asia,Toys,2018-11,11.0,9088.33
3932,Asia,Toys,2018-12,20.0,9920.53
3933,Asia,Toys,2019-01,3.0,1305.02
3934,Asia,Toys,2019-02,1.0,825.16
3935,Asia,Toys,2019-03,15.0,6893.16
3936,Asia,Toys,2019-04,4.0,1650.51
3937,Asia,Toys,2019-05,28.0,5762.179999999999
3938,Asia,Toys,2019-06,27.0,14379.609999999999
3939,Asia,Toys,2019-07,10.0,3129.6
3940,Asia,Toys,2019-08,,
3941,Asia,Toys,2019-09,25.0,13251.199999999999
3942,Asia,Toys,2019-10,1.0,842.4
3943,Asia,Toys,2019-12,13.0,8307.8
3944,Asia,Toys,2020-01,30.0,9859.39
3945,Asia,Toys,2020-02,15.0,9070.74
3946,Asia,Toys,2020-03,6.0,4395.6
3947,Asia,Toys,2020-04,28.0,11482.96
3948,Asia,Toys,2020-05,19.0,7566.12
3949,Asia,Toys,2020-06,8.0,1238.16
3950,Asia,Toys,2020-07,23.0,9541.2
3951,Asia,Toys,2020-08,20.0,7142.530000000001
3952,Asia,Toys,2020-09,2.0,1365.0
3953,Asia,Toys,2020-10,21.0,10034.2
3954,Asia,Toys,2020-11,,
3955,Asia,Toys,2020-12,18.0,4314.3
3956,Asia,Toys,2016-07,,
3957,Asia,Toys,2016-08,10.0,2661.04
3958,Asia,Toys,2017-11,12.0,9465.26
3959,Asia,Toys,2019-11,6.0,1059.8400000000001
3960,Europe,Automotive,2016-01,30.0,5774.6
3961,Europe,Automotive,2016-02,18.0,10773.9
3962,Europe,Automotive,2016-03,29.0,5872.629999999999
3963,Europe,Automotive,2016-04,2.0,870.1999999999999
3964,Europe,Automotive,2016-05,,
3965,Europe,Automotive,2016-06,6.0,2652.3599999999997
3966,Europe,Automotive,2016-09,35.0,20444.68
3967,Europe,Automotive,2016-10,20.0,5399.26
3968,Europe,Automotive,2016-11,12.0,6214.87
3969,Europe,Automotive,2016-12,8.0,1629.02
3970,Europe,Automotive,2017-01,20.0,11098.55
3971,Europe,Automotive,2017-02,9.0,4138.2
3972,Europe,Automotive,2017-03,5.0,4558.6
3973,Europe,Automotive,2017-04,46.0,21165.19
3974,Europe,Automotive,2017-05,15.0,8461.96
3975,Europe,Automotive,2017-06,18.0,5899.14
3976,Europe,Automotive,2017-07,9.0,7616.7
3977,Europe,Automotive,2017-08,,
3978,Europe,Automotive,2017-09,4.0,964.1600000000001
3979,Europe,Automotive,2017-10,21.0,16426.18
3980,Europe,Automotive,2017-12,36.0,13882.83
3981,Europe,Automotive,2018-01,14.0,5633.76
3982,Europe,Automotive,2018-02,41.0,11581.3
3983,Europe,Automotive,2018-03,30.0,14302.89
3984,Europe,Automotive,2018-04,33.0,16159.06
3985,Europe,Automotive,2018-05,10.0,7258.3099999999995
3986,Europe,Automotive,2018-06,15.0,6004.799999999999
3987,Europe,Automotive,2018-07,16.0,3770.31
3988,Europe,Automotive,2018-08,4.0,2005.6000000000001
3989,Europe,Automotive,2018-09,12.0,7199.15
3990,Europe,Automotive,2018-10,8.0,828.0
3991,Europe,Automotive,2018-11,15.0,4454.59
3992,Europe,Automotive,2018-12,7.0,4233.6
3993,Europe,Automotive,2019-01,3.0,1237.74
3994,Europe,Automotive,2019-02,18.0,7704.28
3995,Europe,Automotive,2019-03,4.0,184.32
3996,Europe,Automotive,2019-04,18.0,5776.12
3997,Europe,Automotive,2019-05,,
3998,Europe,Automotive,2019-06,21.0,10668.900000000001
3999,Europe,Automotive,2019-07,15.0,11594.5
4000,Europe,Automotive,2019-08,11.0,170.38
4001,Europe,Automotive,2019-09,14.0,9028.939999999999
4002,Europe,Automotive,2019-10,30.0,12986.439999999999
4003,Europe,Automotive,2019-12,24.0,8065.7300000000005
4004,Europe,Automotive,2020-01,14.0,6133.9
4005,Europe,Automotive,2020-02,15.0,9535.56
4006,Europe,Automotive,2020-03,22.0,17803.02
4007,Europe,Automotive,2020-04,24.0,9414.0
4008,Europe,Automotive,2020-05,13.0,9240.92
4009,Europe,Automotive,2020-06,,
4010,Europe,Automotive,2020-07,5.0,4441.5
4011,Europe,Automotive,2020-08,27.0,8215.86
4012,Europe,Automotive,2020-09,7.0,2540.16
4013,Europe,Automotive,2020-10,11.0,5560.799999999999
4014,Europe,Automotive,2020-11,14.0,8895.51
4015,Europe,Automotive,2020-12,9.0,5469.63
4016,Europe,Automotive,2016-07,17.0,5554.2
4017,Europe,Automotive,2016-08,13.0,1381.52
4018,Europe,Automotive,2017-11,2.0,1246.08
4019,Europe,Automotive,2019-11,,
4020,Europe,Baby,2016-01,16.0,5083.8
4021,Europe,Baby,2016-02,36.0,17614.140000000003
4022,Europe,Baby,2016-03,1.0,496.86
4023,Europe,Baby,2016-04,,
4024,Europe,Baby,2016-05,6.0,3611.52
4025,Europe,Baby,2016-06,1.0,586.04
4026,Europe,Baby,2016-09,17.0,2906.7
4027,Europe,Baby,2016-10,12.0,6626.9400000000005
4028,Europe,Baby,2016-11,2.0,1193.6399999999999
4029,Europe,Baby,2016-12,9.0,7265.7
4030,Europe,Baby,2017-01,16.0,7360.8099999999995
4031,Europe,Baby,2017-02,19.0,9497.96
4032,Europe,Baby,2017-03,2.0,358.38
4033,Europe,Baby,2017-04,19.0,14252.58
4034,Europe,Baby,2017-05,9.0,4636.98
4035,Europe,Baby,2017-06,14.0,7773.76
4036,Europe,Baby,2017-07,8.0,544.64
4037,Europe,Baby,2017-08,21.0,15750.439999999999
4038,Europe,Baby,2017-09,6.0,4722.03
4039,Europe,Baby,2017-10,12.0,4344.9
4040,Europe,Baby,2017-12,22.0,9834.039999999999
4041,Europe,Baby,2018-01,,
4042,Europe,Baby,2018-02,7.0,510.71999999999997
4043,Europe,Baby,2018-03,24.0,12248.449999999999
4044,Europe,Baby,2018-04,25.0,16444.4
4045,Europe,Baby,2018-05,15.0,8861.49
4046,Europe,Baby,2018-06,18.0,13166.16
4047,Europe,Baby,2018-07,7.0,6343.400000000001
4048,Europe,Baby,2018-08,36.0,17655.809999999998
4049,Europe,Baby,2018-09,5.0,3748.5
4050,Europe,Baby,2018-10,1.0,159.6
4051,Europe,Baby,2018-11,9.0,5317.17
4052,Europe,Baby,2018-12,6.0,2648.1
4053,Europe,Baby,2019-01,23.0,11573.59
4054,Europe,Baby,2019-02,26.0,4137.51
4055,Europe,Baby,2019-03,2.0,992.25
4056,Europe,Baby,2019-04,17.0,11758.65
4057,Europe,Baby,2019-05,14.0,2111.2799999999997
4058,Europe,Baby,2019-06,8.0,6270.08
4059,Europe,Baby,2019-07,28.0,11324.119999999999
4060,Europe,Baby,2019-08,9.0,5599.53
4061,Europe,Baby,2019-09,16.0,6459.72
4062,Europe,Baby,2019-10,,
4063,Europe,Baby,2019-12,44.0,23068.48
4064,Europe,Baby,2020-01,10.0,3336.3
4065,Europe,Baby,2020-02,8.0,4147.36
4066,Europe,Baby,2020-03,13.0,12254.039999999999
4067,Europe,Baby,2020-04,11.0,4600.2
4068,Europe,Baby,2020-05,8.0,4809.01
4069,Europe,Baby,2020-06,28.0,13641.93
4070,Europe,Baby,2020-07,18.0,9828.22
4071,Europe,Baby,2020-08,20.0,5575.6
4072,Europe,Baby,2020-09,9.0,4067.8199999999997
4073,Europe,Baby,2020-10,13.0,7670.95
4074,Europe,Baby,2020-11,11.0,4508.91
4075,Europe,Baby,2020-12,18.0,6248.24
4076,Europe,Baby,2016-07,10.0,5029.0
4077,Europe,Baby,2016-08,15.0,10892.68
4078,Europe,Baby,2017-11,18.0,10174.33
4079,Europe,Baby,2019-11,9.0,5969.76
4080,Europe,Beauty,2016-01,11.0,7815.15
4081,Europe,Beauty,2016-02,1.0,306.0
4082,Europe,Beauty,2016-03,5.0,1280.3999999999999
4083,Europe,Beauty,2016-04,14.0,7127.94
4084,Europe,Beauty,2016-05,17.0,3233.29
4085,Europe,Beauty,2016-06,13.0,595.21
4086,Europe,Beauty,2016-09,11.0,5366.889999999999
4087,Europe,Beauty,2016-10,12.0,3881.3999999999996
4088,Europe,Beauty,2016-11,19.0,5803.78
4089,Europe,Beauty,2016-12,24.0,14142.869999999999
4090,Europe,Beauty,2017-01,14.0,6005.68
4091,Europe,Beauty,2017-02,9.0,4896.000000000001
4092,Europe,Beauty,2017-03,,
4093,Europe,Beauty,2017-04,22.0,13465.47
4094,Europe,Beauty,2017-05,11.0,4367.42
4095,Europe,Beauty,2017-06,,
4096,Europe,Beauty,2017-07,17.0,10200.34
4097,Europe,Beauty,2017-08,,
4098,Europe,Beauty,2017-09,7.0,3435.74
4099,Europe,Beauty,2017-10,46.0,24200.39
4100,Europe,Beauty,2017-12,26.0,11473.91
4101,Europe,Beauty,2018-01,,
4102,Europe,Beauty,2018-02,3.0,2352.35
4103,Europe,Beauty,2018-03,27.0,6740.23
4104,Europe,Beauty,2018-04,36.0,15849.490000000002
4105,Europe,Beauty,2018-05,23.0,12063.310000000001
4106,Europe,Beauty,2018-06,2.0,1096.64
4107,Europe,Beauty,2018-07,7.0,4653.09
4108,Europe,Beauty,2018-08,7.0,6397.44
4109,Europe,Beauty,2018-09,9.0,4207.14
4110,Europe,Beauty,2018-10,20.0,6917.37
4111,Europe,Beauty,2018-11,10.0,6861.44
4112,Europe,Beauty,2018-12,12.0,7680.51
4113,Europe,Beauty,2019-01,17.0,10626.68
4114,Europe,Beauty,2019-02,21.0,4532.92
4115,Europe,Beauty,2019-03,6.0,5702.4
4116,Europe,Beauty,2019-04,3.0,668.16
4117,Europe,Beauty,2019-05,,
4118,Europe,Beauty,2019-06,9.0,5933.8
4119,Europe,Beauty,2019-07,3.0,1686.96
4120,Europe,Beauty,2019-08,17.0,8138.969999999999
4121,Europe,Beauty,2019-09,13.0,5292.5
4122,Europe,Beauty,2019-10,10.0,2337.7
4123,Europe,Beauty,2019-12,18.0,13609.419999999998
4124,Europe,Beauty,2020-01,26.0,8202.67
4125,Europe,Beauty,2020-02,1.0,318.6
4126,Europe,Beauty,2020-03,5.0,1016.5
4127,Europe,Beauty,2020-04,28.0,13090.300000000001
4128,Europe,Beauty,2020-05,,
4129,Europe,Beauty,2020-06,5.0,648.5999999999999
4130,Europe,Beauty,2020-07,6.0,436.5
4131,Europe,Beauty,2020-08,11.0,7650.4800000000005
4132,Europe,Beauty,2020-09,3.0,617.28
4133,Europe,Beauty,2020-10,34.0,9232.619999999999
4134,Europe,Beauty,2020-11,10.0,2875.6499999999996
4135,Europe,Beauty,2020-12,,
4136,Europe,Beauty,2016-07,16.0,9697.84
4137,Europe,Beauty,2016-08,14.0,2377.08
4138,Europe,Beauty,2017-11,14.0,5415.549999999999
4139,Europe,Beauty,2019-11,9.0,2442.18
4140,Europe,Books,2016-01,11.0,6445.4400000000005
4141,Europe,Books,2016-02,12.0,5221.45
4142,Europe,Books,2016-03,,
4143,Europe,Books,2016-04,12.0,3194.94
4144,Europe,Books,2016-05,13.0,7355.1
4145,Europe,Books,2016-06,18.0,10210.77
4146,Europe,Books,2016-09,2.0,1550.64
4147,Europe,Books,2016-10,1.0,384.12
4148,Europe,Books,2016-11,8.0,5067.2
4149,Europe,Books,2016-12,19.0,5567.96
4150,Europe,Books,2017-01,24.0,16730.12
4151,Europe,Books,2017-02,22.0,11734.26
4152,Europe,Books,2017-03,18.0,14972.68
4153,Europe,Books,2017-04,7.0,2079.0
4154,Europe,Books,2017-05,12.0,6515.12
4155,Europe,Books,2017-06,14.0,3782.4399999999996
4156,Europe,Books,2017-07,5.0,1499.4
4157,Europe,Books,2017-08,2.0,329.36
4158,Europe,Books,2017-09,8.0,3118.83
4159,Europe,Books,2017-10,16.0,11628.2
4160,Europe,Books,2017-12,12.0,5826.34
4161,Europe,Books,2018-01,8.0,628.24
4162,Europe,Books,2018-02,21.0,15223.23
4163,Europe,Books,2018-03,9.0,6508.08
4164,Europe,Books,2018-04,24.0,6423.44
4165,Europe,Books,2018-05,,
4166,Europe,Books,2018-06,15.0,8885.68
4167,Europe,Books,2018-07,5.0,1851.8500000000001
4168,Europe,Books,2018-08,6.0,2005.35
4169,Europe,Books,2018-09,11.0,5831.6
4170,Europe,Books,2018-10,2.0,1101.92
4171,Europe,Books,2018-11,9.0,4941.4400000000005
4172,Europe,Books,2018-12,,
4173,Europe,Books,2019-01,10.0,2675.4
4174,Europe,Books,2019-02,9.0,734.4
4175,Europe,Books,2019-03,,
4176,Europe,Books,2019-04,11.0,7721.110000000001
4177,Europe,Books,2019-05,8.0,5378.94
4178,Europe,Books,2019-06,23.0,9744.09
4179,Europe,Books,2019-07,4.0,3495.0299999999997
4180,Europe,Books,2019-08,20.0,8001.120000000001
4181,Europe,Books,2019-09,5.0,4387.5
4182,Europe,Books,2019-10,15.0,10364.560000000001
4183,Europe,Books,2019-12,17.0,3537.4399999999996
4184,Europe,Books,2020-01,9.0,5574.700000000001
4185,Europe,Books,2020-02,,
4186,Europe,Books,2020-03,23.0,11788.8
4187,Europe,Books,2020-04,15.0,6051.65
4188,Europe,Books,2020-05,6.0,4175.82
4189,Europe,Books,2020-06,8.0,2146.32
4190,Europe,Books,2020-07,,
4191,Europe,Books,2020-08,14.0,8049.0599999999995
4192,Europe,Books,2020-09,13.0,3004.37
4193,Europe,Books,2020-10,,
4194,Europe,Books,2020-11,32.0,16340.24
4195,Europe,Books,2020-12,5.0,199.89000000000001
4196,Europe,Books,2016-07,,
4197,Europe,Books,2016-08,19.0,10628.26
4198,Europe,Books,2017-11,2.0,667.26
4199,Europe,Books,2019-11,42.0,17862.36
4200,Europe,Clothing,2016-01,30.0,20402.78
4201,Europe,Clothing,2016-02,11.0,6289.48
4202,Europe,Clothing,2016-03,14.0,3139.8
4203,Europe,Clothing,2016-04,8.0,6677.759999999999
4204,Europe,Clothing,2016-05,8.0,4750.21
4205,Europe,Clothing,2016-06,8.0,1740.04
4206,Europe,Clothing,2016-09,7.0,3713.71
4207,Europe,Clothing,2016-10,8.0,3965.4
4208,Europe,Clothing,2016-11,19.0,16284.509999999998
4209,Europe,Clothing,2016-12,12.0,3983.4
4210,Europe,Clothing,2017-01,31.0,20536.54
4211,Europe,Clothing,2017-02,28.0,16790.2
4212,Europe,Clothing,2017-03,10.0,5365.38
4213,Europe,Clothing,2017-04,,
4214,Europe,Clothing,2017-05,2.0,1934.52
4215,Europe,Clothing,2017-06,12.0,3085.2
4216,Europe,Clothing,2017-07,14.0,8062.8
4217,Europe,Clothing,2017-08,14.0,7858.660000000001
4218,Europe,Clothing,2017-09,,
4219,Europe,Clothing,2017-10,7.0,4973.5
4220,Europe,Clothing,2017-12,14.0,7411.5
4221,Europe,Clothing,2018-01,9.0,5794.26
4222,Europe,Clothing,2018-02,1.0,257.74
4223,Europe,Clothing,2018-03,17.0,6096.96
4224,Europe,Clothing,2018-04,4.0,3560.72
4225,Europe,Clothing,2018-05,9.0,5209.85
4226,Europe,Clothing,2018-06,10.0,8896.08
4227,Europe,Clothing,2018-07,9.0,207.0
4228,Europe,Clothing,2018-08,3.0,549.9
4229,Europe,Clothing,2018-09,12.0,7371.0
4230,Europe,Clothing,2018-10,8.0,2379.54
4231,Europe,Clothing,2018-11,4.0,2250.6
4232,Europe,Clothing,2018-12,7.0,3303.2200000000003
4233,Europe,Clothing,2019-01,18.0,6861.1
4234,Europe,Clothing,2019-02,9.0,3543.2799999999997
4235,Europe,Clothing,2019-03,23.0,15126.4
4236,Europe,Clothing,2019-04,,
4237,Europe,Clothing,2019-05,12.0,5087.460000000001
4238,Europe,Clothing,2019-06,24.0,15221.23
4239,Europe,Clothing,2019-07,9.0,2967.3
4240,Europe,Clothing,2019-08,,
4241,Europe,Clothing,2019-09,11.0,9565.82
4242,Europe,Clothing,2019-10,31.0,13458.23
4243,Europe,Clothing,2019-12,9.0,7525.26
4244,Europe,Clothing,2020-01,19.0,10435.56
4245,Europe,Clothing,2020-02,17.0,5370.64
4246,Europe,Clothing,2020-03,7.0,4231.71
4247,Europe,Clothing,2020-04,14.0,6021.120000000001
4248,Europe,Clothing,2020-05,17.0,7787.08
4249,Europe,Clothing,2020-06,2.0,1696.86
4250,Europe,Clothing,2020-07,15.0,9654.28
4251,Europe,Clothing,2020-08,8.0,2787.84
4252,Europe,Clothing,2020-09,14.0,6598.2
4253,Europe,Clothing,2020-10,9.0,1113.8400000000001
4254,Europe,Clothing,2020-11,26.0,9188.48
4255,Europe,Clothing,2020-12,11.0,5347.23
4256,Europe,Clothing,2016-07,,
4257,Europe,Clothing,2016-08,29.0,7336.639999999999
4258,Europe,Clothing,2017-11,9.0,3410.1
4259,Europe,Clothing,2019-11,11.0,1007.22
4260,Europe,Computers,2016-01,9.0,6203.1
4261,Europe,Computers,2016-02,6.0,3345.7799999999997
4262,Europe,Computers,2016-03,18.0,9830.8
4263,Europe,Computers,2016-04,8.0,6634.799999999999
4264,Europe,Computers,2016-05,2.0,1628.1599999999999
4265,Europe,Computers,2016-06,7.0,2383.58
4266,Europe,Computers,2016-09,15.0,7706.909999999999
4267,Europe,Computers,2016-10,14.0,9891.68
4268,Europe,Computers,2016-11,4.0,1350.9
4269,Europe,Computers,2016-12,15.0,6972.92
4270,Europe,Computers,2017-01,37.0,16629.969999999998
4271,Europe,Computers,2017-02,,
4272,Europe,Computers,2017-03,11.0,4124.89
4273,Europe,Computers,2017-04,22.0,13710.41
4274,Europe,Computers,2017-05,2.0,282.71999999999997
4275,Europe,Computers,2017-06,18.0,15283.96
4276,Europe,Computers,2017-07,17.0,9401.099999999999
4277,Europe,Computers,2017-08,,
4278,Europe,Computers,2017-09,4.0,1815.36
4279,Europe,Computers,2017-10,8.0,4515.84
4280,Europe,Computers,2017-12,15.0,8091.44
4281,Europe,Computers,2018-01,10.0,5094.3
4282,Europe,Computers,2018-02,15.0,6839.77
4283,Europe,Computers,2018-03,24.0,12633.24
4284,Europe,Computers,2018-04,30.0,19029.12
4285,Europe,Computers,2018-05,13.0,2793.7
4286,Europe,Computers,2018-06,35.0,24629.559999999998
4287,Europe,Computers,2018-07,13.0,6905.73
4288,Europe,Computers,2018-08,28.0,10875.61
4289,Europe,Computers,2018-09,16.0,5220.92
4290,Europe,Computers,2018-10,19.0,15089.17
4291,Europe,Computers,2018-11,30.0,12940.56
4292,Europe,Computers,2018-12,13.0,1756.4699999999998
4293,Europe,Computers,2019-01,12.0,3164.8199999999997
4294,Europe,Computers,2019-02,39.0,13276.939999999999
4295,Europe,Computers,2019-03,4.0,2633.7599999999998
4296,Europe,Computers,2019-04,10.0,9180.03
4297,Europe,Computers,2019-05,23.0,14265.51
4298,Europe,Computers,2019-06,15.0,6073.700000000001
4299,Europe,Computers,2019-07,,
4300,Europe,Computers,2019-08,15.0,7189.349999999999
4301,Europe,Computers,2019-09,8.0,3688.2200000000003
4302,Europe,Computers,2019-10,15.0,6402.0599999999995
4303,Europe,Computers,2019-12,18.0,8918.369999999999
4304,Europe,Computers,2020-01,6.0,4977.889999999999
4305,Europe,Computers,2020-02,24.0,11043.01
4306,Europe,Computers,2020-03,26.0,12913.43
4307,Europe,Computers,2020-04,12.0,9931.8
4308,Europe,Computers,2020-05,25.0,10209.55
4309,Europe,Computers,2020-06,10.0,4531.2
4310,Europe,Computers,2020-07,25.0,10172.14
4311,Europe,Computers,2020-08,11.0,2433.92
4312,Europe,Computers,2020-09,6.0,1004.4
4313,Europe,Computers,2020-10,24.0,12202.09
4314,Europe,Computers,2020-11,16.0,7602.84
4315,Europe,Computers,2020-12,1.0,176.54
4316,Europe,Computers,2016-07,11.0,3029.6299999999997
4317,Europe,Computers,2016-08,29.0,15844.26
4318,Europe,Computers,2017-11,,
4319,Europe,Computers,2019-11,,
4320,Europe,Electronics,2016-01,,
4321,Europe,Electronics,2016-02,9.0,2500.95
4322,Europe,Electronics,2016-03,22.0,4382.6
4323,Europe,Electronics,2016-04,2.0,1006.2
4324,Europe,Electronics,2016-05,15.0,4420.4
4325,Europe,Electronics,2016-06,17.0,2147.88
4326,Europe,Electronics,2016-09,3.0,840.84
4327,Europe,Electronics,2016-10,7.0,764.28
4328,Europe,Electronics,2016-11,17.0,11993.59
4329,Europe,Electronics,2016-12,23.0,9442.9
4330,Europe,Electronics,2017-01,14.0,9083.76
4331,Europe,Electronics,2017-02,6.0,4671.28
4332,Europe,Electronics,2017-03,15.0,8262.27
4333,Europe,Electronics,2017-04,25.0,13456.2
4334,Europe,Electronics,2017-05,8.0,2820.54
4335,Europe,Electronics,2017-06,23.0,9883.08
4336,Europe,Electronics,2017-07,19.0,4132.08
4337,Europe,Electronics,2017-08,,
4338,Europe,Electronics,2017-09,16.0,3905.33
4339,Europe,Electronics,2017-10,5.0,4855.9
4340,Europe,Electronics,2017-12,25.0,16297.16
4341,Europe,Electronics,2018-01,24.0,10845.78
4342,Europe,Electronics,2018-02,11.0,5077.639999999999
4343,Europe,Electronics,2018-03,2.0,16.38
4344,Europe,Electronics,2018-04,18.0,7070.1
4345,Europe,Electronics,2018-05,5.0,4608.45
4346,Europe,Electronics,2018-06,10.0,7816.68
4347,Europe,Electronics,2018-07,19.0,10820.78
4348,Europe,Electronics,2018-08,9.0,625.7
4349,Europe,Electronics,2018-09,15.0,8806.02
4350,Europe,Electronics,2018-10,30.0,16771.01
4351,Europe,Electronics,2018-11,4.0,1236.48
4352,Europe,Electronics,2018-12,4.0,1217.02
4353,Europe,Electronics,2019-01,10.0,6274.66
4354,Europe,Electronics,2019-02,,
4355,Europe,Electronics,2019-03,32.0,14453.83
4356,Europe,Electronics,2019-04,10.0,4556.93
4357,Europe,Electronics,2019-05,12.0,7994.25
4358,Europe,Electronics,2019-06,10.0,4609.2
4359,Europe,Electronics,2019-07,,
4360,Europe,Electronics,2019-08,17.0,10599.650000000001
4361,Europe,Electronics,2019-09,16.0,4413.24
4362,Europe,Electronics,2019-10,,
4363,Europe,Electronics,2019-12,15.0,3508.4399999999996
4364,Europe,Electronics,2020-01,26.0,9155.83
4365,Europe,Electronics,2020-02,,
4366,Europe,Electronics,2020-03,1.0,950.4
4367,Europe,Electronics,2020-04,5.0,1294.95
4368,Europe,Electronics,2020-05,10.0,5230.46
4369,Europe,Electronics,2020-06,11.0,3636.0299999999997
4370,Europe,Electronics,2020-07,4.0,713.92
4371,Europe,Electronics,2020-08,6.0,5128.0199999999995
4372,Europe,Electronics,2020-09,16.0,14384.7
4373,Europe,Electronics,2020-10,17.0,8365.3
4374,Europe,Electronics,2020-11,4.0,646.7199999999999
4375,Europe,Electronics,2020-12,25.0,17424.63
4376,Europe,Electronics,2016-07,10.0,4977.2
4377,Europe,Electronics,2016-08,8.0,6821.04
4378,Europe,Electronics,2017-11,8.0,677.67
4379,Europe,Electronics,2019-11,16.0,9642.92
4380,Europe,Games,2016-01,16.0,5399.099999999999
4381,Europe,Games,2016-02,10.0,1270.6799999999998
4382,Europe,Games,2016-03,14.0,7878.620000000001
4383,Europe,Games,2016-04,14.0,4444.5
4384,Europe,Games,2016-05,20.0,12532.66
4385,Europe,Games,2016-06,20.0,4458.3
4386,Europe,Games,2016-09,26.0,11125.72
4387,Europe,Games,2016-10,39.0,18594.36
4388,Europe,Games,2016-11,27.0,15893.81
4389,Europe,Games,2016-12,11.0,6063.16
4390,Europe,Games,2017-01,27.0,11152.0
4391,Europe,Games,2017-02,8.0,4761.6
4392,Europe,Games,2017-03,8.0,5050.38
4393,Europe,Games,2017-04,43.0,25217.809999999998
4394,Europe,Games,2017-05,19.0,5556.54
4395,Europe,Games,2017-06,,
4396,Europe,Games,2017-07,24.0,13411.3
4397,Europe,Games,2017-08,8.0,5506.41
4398,Europe,Games,2017-09,6.0,3819.0
4399,Europe,Games,2017-10,20.0,3061.2599999999998
4400,Europe,Games,2017-12,,
4401,Europe,Games,2018-01,24.0,12798.8
4402,Europe,Games,2018-02,16.0,6837.9
4403,Europe,Games,2018-03,30.0,14809.17
4404,Europe,Games,2018-04,,
4405,Europe,Games,2018-05,8.0,5176.08
4406,Europe,Games,2018-06,30.0,9320.12
4407,Europe,Games,2018-07,17.0,7443.12
4408,Europe,Games,2018-08,12.0,1695.36
4409,Europe,Games,2018-09,5.0,603.0
4410,Europe,Games,2018-10,19.0,17180.81
4411,Europe,Games,2018-11,11.0,4277.04
4412,Europe,Games,2018-12,14.0,6753.599999999999
4413,Europe,Games,2019-01,14.0,2781.9900000000002
4414,Europe,Games,2019-02,2.0,612.0
4415,Europe,Games,2019-03,7.0,1315.1799999999998
4416,Europe,Games,2019-04,21.0,8001.15
4417,Europe,Games,2019-05,18.0,7765.199999999999
4418,Europe,Games,2019-06,5.0,1545.46
4419,Europe,Games,2019-07,38.0,5232.59
4420,Europe,Games,2019-08,12.0,3974.16
4421,Europe,Games,2019-09,28.0,8237.45
4422,Europe,Games,2019-10,12.0,5006.23
4423,Europe,Games,2019-12,3.0,1858.1999999999998
4424,Europe,Games,2020-01,15.0,3281.41
4425,Europe,Games,2020-02,22.0,9756.36
4426,Europe,Games,2020-03,14.0,7255.379999999999
4427,Europe,Games,2020-04,16.0,13296.96
4428,Europe,Games,2020-05,,
4429,Europe,Games,2020-06,8.0,5549.28
4430,Europe,Games,2020-07,14.0,7979.85
4431,Europe,Games,2020-08,22.0,7840.240000000001
4432,Europe,Games,2020-09,10.0,7477.2
4433,Europe,Games,2020-10,12.0,8476.32
4434,Europe,Games,2020-11,13.0,9991.079999999998
4435,Europe,Games,2020-12,6.0,2936.6400000000003
4436,Europe,Games,2016-07,5.0,3262.5
4437,Europe,Games,2016-08,19.0,12531.36
4438,Europe,Games,2017-11,26.0,17027.449999999997
4439,Europe,Games,2019-11,5.0,3145.7999999999997
4440,Europe,Garden,2016-01,8.0,6156.0
4441,Europe,Garden,2016-02,13.0,11120.279999999999
4442,Europe,Garden,2016-03,27.0,7235.0
4443,Europe,Garden,2016-04,,
4444,Europe,Garden,2016-05,,
4445,Europe,Garden,2016-06,19.0,5566.05
4446,Europe,Garden,2016-09,8.0,5597.6
4447,Europe,Garden,2016-10,16.0,4858.620000000001
4448,Europe,Garden,2016-11,7.0,5444.26
4449,Europe,Garden,2016-12,7.0,240.1
4450,Europe,Garden,2017-01,28.0,10232.91
4451,Europe,Garden,2017-02,1.0,565.4399999999999
4452,Europe,Garden,2017-03,30.0,15015.0
4453,Europe,Garden,2017-04,26.0,14316.369999999999
4454,Europe,Garden,2017-05,10.0,8407.679999999998
4455,Europe,Garden,2017-06,9.0,8464.5
4456,Europe,Garden,2017-07,22.0,2947.12
4457,Europe,Garden,2017-08,9.0,3649.14
4458,Europe,Garden,2017-09,2.0,822.6
4459,Europe,Garden,2017-10,,
4460,Europe,Garden,2017-12,25.0,12558.28
4461,Europe,Garden,2018-01,14.0,4457.04
4462,Europe,Garden,2018-02,3.0,1352.3999999999999
4463,Europe,Garden,2018-03,21.0,8289.48
4464,Europe,Garden,2018-04,8.0,3897.74
4465,Europe,Garden,2018-05,10.0,6168.360000000001
4466,Europe,Garden,2018-06,16.0,12545.59
4467,Europe,Garden,2018-07,2.0,892.4000000000001
4468,Europe,Garden,2018-08,16.0,7482.63
4469,Europe,Garden,2018-09,6.0,4193.28
4470,Europe,Garden,2018-10,3.0,2714.6699999999996
4471,Europe,Garden,2018-11,6.0,986.06
4472,Europe,Garden,2018-12,13.0,8252.46
4473,Europe,Garden,2019-01,5.0,3803.8
4474,Europe,Garden,2019-02,26.0,12681.24
4475,Europe,Garden,2019-03,11.0,1483.4
4476,Europe,Garden,2019-04,16.0,9909.279999999999
4477,Europe,Garden,2019-05,11.0,7140.360000000001
4478,Europe,Garden,2019-06,21.0,9598.49
4479,Europe,Garden,2019-07,5.0,1620.9
4480,Europe,Garden,2019-08,5.0,623.7
4481,Europe,Garden,2019-09,3.0,484.5
4482,Europe,Garden,2019-10,19.0,7715.799999999999
4483,Europe,Garden,2019-12,11.0,6129.17
4484,Europe,Garden,2020-01,11.0,3078.95
4485,Europe,Garden,2020-02,1.0,303.18
4486,Europe,Garden,2020-03,21.0,9260.810000000001
4487,Europe,Garden,2020-04,21.0,12608.95
4488,Europe,Garden,2020-05,8.0,1451.12
4489,Europe,Garden,2020-06,16.0,10647.5
4490,Europe,Garden,2020-07,30.0,14070.87
4491,Europe,Garden,2020-08,27.0,15302.58
4492,Europe,Garden,2020-09,10.0,6169.86
4493,Europe,Garden,2020-10,9.0,1040.13
4494,Europe,Garden,2020-11,17.0,6940.789999999999
4495,Europe,Garden,2020-12,14.0,9886.779999999999
4496,Europe,Garden,2016-07,19.0,8089.17
4497,Europe,Garden,2016-08,19.0,12424.48
4498,Europe,Garden,2017-11,13.0,4439.32
4499,Europe,Garden,2019-11,7.0,5892.6
4500,Europe,Grocery,2016-01,2.0,1158.36
4501,Europe,Grocery,2016-02,17.0,9179.009999999998
4502,Europe,Grocery,2016-03,17.0,7486.379999999999
4503,Europe,Grocery,2016-04,24.0,12011.8
4504,Europe,Grocery,2016-05,10.0,385.4
4505,Europe,Grocery,2016-06,28.0,11028.380000000001
4506,Europe,Grocery,2016-09,7.0,1138.34
4507,Europe,Grocery,2016-10,15.0,3485.7000000000003
4508,Europe,Grocery,2016-11,11.0,3788.5499999999993
4509,Europe,Grocery,2016-12,16.0,8585.44
4510,Europe,Grocery,2017-01,3.0,1374.3
4511,Europe,Grocery,2017-02,8.0,4288.46
4512,Europe,Grocery,2017-03,17.0,9942.76
4513,Europe,Grocery,2017-04,8.0,4170.24
4514,Europe,Grocery,2017-05,3.0,2431.0499999999997
4515,Europe,Grocery,2017-06,21.0,13259.36
4516,Europe,Grocery,2017-07,8.0,1654.2399999999998
4517,Europe,Grocery,2017-08,9.0,5091.12
4518,Europe,Grocery,2017-09,32.0,9311.15
4519,Europe,Grocery,2017-10,16.0,10909.58
4520,Europe,Grocery,2017-12,1.0,510.21999999999997
4521,Europe,Grocery,2018-01,17.0,5731.23
4522,Europe,Grocery,2018-02,12.0,2559.84
4523,Europe,Grocery,2018-03,5.0,1824.36
4524,Europe,Grocery,2018-04,27.0,8143.7
4525,Europe,Grocery,2018-05,8.0,5769.259999999999
4526,Europe,Grocery,2018-06,15.0,6015.92
4527,Europe,Grocery,2018-07,9.0,8163.9
4528,Europe,Grocery,2018-08,5.0,183.15
4529,Europe,Grocery,2018-09,16.0,12462.99
4530,Europe,Grocery,2018-10,12.0,6245.099999999999
4531,Europe,Grocery,2018-11,27.0,17051.64
4532,Europe,Grocery,2018-12,,
4533,Europe,Grocery,2019-01,9.0,5516.349999999999
4534,Europe,Grocery,2019-02,8.0,5041.12
4535,Europe,Grocery,2019-03,4.0,288.8
4536,Europe,Grocery,2019-04,20.0,4008.4800000000005
4537,Europe,Grocery,2019-05,20.0,10237.66
4538,Europe,Grocery,2019-06,24.0,8166.8
4539,Europe,Grocery,2019-07,19.0,12174.0
4540,Europe,Grocery,2019-08,15.0,8349.810000000001
4541,Europe,Grocery,2019-09,4.0,2890.6
4542,Europe,Grocery,2019-10,9.0,3269.97
4543,Europe,Grocery,2019-12,27.0,15179.720000000001
4544,Europe,Grocery,2020-01,18.0,9798.98
4545,Europe,Grocery,2020-02,11.0,8982.76
4546,Europe,Grocery,2020-03,24.0,12054.97
4547,Europe,Grocery,2020-04,12.0,6113.28
4548,Europe,Grocery,2020-05,,
4549,Europe,Grocery,2020-06,9.0,3898.7999999999997
4550,Europe,Grocery,2020-07,7.0,3584.35
4551,Europe,Grocery,2020-08,37.0,22600.39
4552,Europe,Grocery,2020-09,17.0,6498.87
4553,Europe,Grocery,2020-10,16.0,6146.5
4554,Europe,Grocery,2020-11,16.0,12733.57
4555,Europe,Grocery,2020-12,18.0,9982.8
4556,Europe,Grocery,2016-07,15.0,3711.2699999999995
4557,Europe,Grocery,2016-08,9.0,5085.45
4558,Europe,Grocery,2017-11,17.0,4624.69
4559,Europe,Grocery,2019-11,23.0,14896.18
4560,Europe,Health,2016-01,1.0,400.9
4561,Europe,Health,2016-02,5.0,771.9
4562,Europe,Health,2016-03,27.0,9764.08
4563,Europe,Health,2016-04,20.0,8717.08
4564,Europe,Health,2016-05,37.0,24639.8
4565,Europe,Health,2016-06,20.0,11484.2
4566,Europe,Health,2016-09,38.0,20732.16
4567,Europe,Health,2016-10,8.0,4323.84
4568,Europe,Health,2016-11,7.0,4569.599999999999
4569,Europe,Health,2016-12,13.0,3871.36
4570,Europe,Health,2017-01,23.0,10992.33
4571,Europe,Health,2017-02,15.0,5534.360000000001
4572,Europe,Health,2017-03,,
4573,Europe,Health,2017-04,10.0,3828.5
4574,Europe,Health,2017-05,21.0,9489.56
4575,Europe,Health,2017-06,20.0,8843.76
4576,Europe,Health,2017-07,42.0,14646.84
4577,Europe,Health,2017-08,18.0,5118.08
4578,Europe,Health,2017-09,2.0,1113.6
4579,Europe,Health,2017-10,8.0,419.19
4580,Europe,Health,2017-12,13.0,1726.11
4581,Europe,Health,2018-01,,
4582,Europe,Health,2018-02,,
4583,Europe,Health,2018-03,15.0,7988.38
4584,Europe,Health,2018-04,1.0,611.0
4585,Europe,Health,2018-05,27.0,17552.260000000002
4586,Europe,Health,2018-06,,
4587,Europe,Health,2018-07,16.0,2024.1
4588,Europe,Health,2018-08,,
4589,Europe,Health,2018-09,6.0,1571.24
4590,Europe,Health,2018-10,5.0,1843.0
4591,Europe,Health,2018-11,14.0,5950.9800000000005
4592,Europe,Health,2018-12,11.0,7112.38
4593,Europe,Health,2019-01,17.0,12179.16
4594,Europe,Health,2019-02,8.0,368.64
4595,Europe,Health,2019-03,1.0,114.46
4596,Europe,Health,2019-04,13.0,7007.33
4597,Europe,Health,2019-05,13.0,10028.04
4598,Europe,Health,2019-06,24.0,9112.88
4599,Europe,Health,2019-07,29.0,17879.05
4600,Europe,Health,2019-08,17.0,9354.57
4601,Europe,Health,2019-09,20.0,6699.62
4602,Europe,Health,2019-10,23.0,7099.76
4603,Europe,Health,2019-12,14.0,6002.64
4604,Europe,Health,2020-01,12.0,3692.2799999999997
4605,Europe,Health,2020-02,18.0,11001.03
4606,Europe,Health,2020-03,1.0,681.91
4607,Europe,Health,2020-04,18.0,12423.599999999999
4608,Europe,Health,2020-05,12.0,4467.93
4609,Europe,Health,2020-06,22.0,13783.779999999999
4610,Europe,Health,2020-07,7.0,4621.44
4611,Europe,Health,2020-08,17.0,7382.99
4612,Europe,Health,2020-09,38.0,27762.1
4613,Europe,Health,2020-10,3.0,1800.9
4614,Europe,Health,2020-11,8.0,2807.5
4615,Europe,Health,2020-12,8.0,3928.3199999999997
4616,Europe,Health,2016-07,8.0,5193.450000000001
4617,Europe,Health,2016-08,17.0,10727.22
4618,Europe,Health,2017-11,18.0,9254.400000000001
4619,Europe,Health,2019-11,51.0,30349.38
4620,Europe,Home,2016-01,17.0,9157.4
4621,Europe,Home,2016-02,15.0,3922.6699999999996
4622,Europe,Home,2016-03,28.0,12249.32
4623,Europe,Home,2016-04,32.0,20208.03
4624,Europe,Home,2016-05,16.0,7630.62
4625,Europe,Home,2016-06,11.0,872.3399999999999
4626,Europe,Home,2016-09,17.0,5779.139999999999
4627,Europe,Home,2016-10,23.0,4047.98
4628,Europe,Home,2016-11,21.0,11226.77
4629,Europe,Home,2016-12,10.0,2842.6800000000003
4630,Europe,Home,2017-01,30.0,17905.3
4631,Europe,Home,2017-02,23.0,11240.84
4632,Europe,Home,2017-03,18.0,4474.77
4633,Europe,Home,2017-04,15.0,10803.84
4634,Europe,Home,2017-05,10.0,3133.76
4635,Europe,Home,2017-06,,
4636,Europe,Home,2017-07,32.0,20883.02
4637,Europe,Home,2017-08,9.0,4217.4
4638,Europe,Home,2017-09,19.0,16729.16
4639,Europe,Home,2017-10,28.0,12458.41
4640,Europe,Home,2017-12,15.0,7444.02
4641,Europe,Home,2018-01,16.0,3806.04
4642,Europe,Home,2018-02,9.0,5517.389999999999
4643,Europe,Home,2018-03,16.0,8213.82
4644,Europe,Home,2018-04,21.0,7914.35
4645,Europe,Home,2018-05,6.0,5852.88
4646,Europe,Home,2018-06,18.0,2353.4
4647,Europe,Home,2018-07,14.0,7460.94
4648,Europe,Home,2018-08,21.0,9906.54
4649,Europe,Home,2018-09,4.0,133.0
4650,Europe,Home,2018-10,8.0,3606.4
4651,Europe,Home,2018-11,7.0,4595.76
4652,Europe,Home,2018-12,,
4653,Europe,Home,2019-01,10.0,2308.68
4654,Europe,Home,2019-02,24.0,10286.18
4655,Europe,Home,2019-03,13.0,6377.42
4656,Europe,Home,2019-04,8.0,3078.52
4657,Europe,Home,2019-05,10.0,1711.2
4658,Europe,Home,2019-06,13.0,1365.8400000000001
4659,Europe,Home,2019-07,13.0,12397.66
4660,Europe,Home,2019-08,9.0,1111.32
4661,Europe,Home,2019-09,7.0,2420.6
4662,Europe,Home,2019-10,30.0,20384.27
4663,Europe,Home,2019-12,16.0,8335.58
4664,Europe,Home,2020-01,,
4665,Europe,Home,2020-02,7.0,1680.8400000000001
4666,Europe,Home,2020-03,1.0,492.55999999999995
4667,Europe,Home,2020-04,10.0,6912.82
4668,Europe,Home,2020-05,,
4669,Europe,Home,2020-06,9.0,4118.08
4670,Europe,Home,2020-07,9.0,7970.400000000001
4671,Europe,Home,2020-08,4.0,3369.6
4672,Europe,Home,2020-09,,
4673,Europe,Home,2020-10,1.0,539.0
4674,Europe,Home,2020-11,30.0,16960.6
4675,Europe,Home,2020-12,17.0,6171.08
4676,Europe,Home,2016-07,7.0,389.08
4677,Europe,Home,2016-08,5.0,3171.2999999999997
4678,Europe,Home,2017-11,,
4679,Europe,Home,2019-11,27.0,11583.67
4680,Europe,Industrial,2016-01,31.0,8895.609999999999
4681,Europe,Industrial,2016-02,10.0,5546.0
4682,Europe,Industrial,2016-03,,
4683,Europe,Industrial,2016-04,12.0,5075.5199999999995
4684,Europe,Industrial,2016-05,,
4685,Europe,Industrial,2016-06,,
4686,Europe,Industrial,2016-09,6.0,1165.6
4687,Europe,Industrial,2016-10,12.0,9623.84
4688,Europe,Industrial,2016-11,24.0,7268.18
4689,Europe,Industrial,2016-12,24.0,11834.759999999998
4690,Europe,Industrial,2017-01,30.0,17967.0
4691,Europe,Industrial,2017-02,20.0,10351.8
4692,Europe,Industrial,2017-03,9.0,2855.34
4693,Europe,Industrial,2017-04,4.0,564.2
4694,Europe,Industrial,2017-05,,
4695,Europe,Industrial,2017-06,7.0,3761.66
4696,Europe,Industrial,2017-07,4.0,479.85999999999996
4697,Europe,Industrial,2017-08,2.0,237.5
4698,Europe,Industrial,2017-09,12.0,6899.200000000001
4699,Europe,Industrial,2017-10,16.0,7815.360000000001
4700,Europe,Industrial,2017-12,35.0,19775.55
4701,Europe,Industrial,2018-01,17.0,4777.83
4702,Europe,Industrial,2018-02,14.0,7825.5599999999995
4703,Europe,Industrial,2018-03,19.0,6896.26
4704,Europe,Industrial,2018-04,14.0,10004.08
4705,Europe,Industrial,2018-05,24.0,13889.380000000001
4706,Europe,Industrial,2018-06,28.0,13733.38
4707,Europe,Industrial,2018-07,2.0,531.9599999999999
4708,Europe,Industrial,2018-08,36.0,11823.75
4709,Europe,Industrial,2018-09,6.0,167.04
4710,Europe,Industrial,2018-10,15.0,7896.52
4711,Europe,Industrial,2018-11,9.0,4932.240000000001
4712,Europe,Industrial,2018-12,14.0,7474.5599999999995
4713,Europe,Industrial,2019-01,8.0,5338.5599999999995
4714,Europe,Industrial,2019-02,3.0,1544.81
4715,Europe,Industrial,2019-03,12.0,3845.7
4716,Europe,Industrial,2019-04,13.0,2341.08
4717,Europe,Industrial,2019-05,25.0,15175.04
4718,Europe,Industrial,2019-06,17.0,11780.04
4719,Europe,Industrial,2019-07,25.0,14529.27
4720,Europe,Industrial,2019-08,10.0,257.6
4721,Europe,Industrial,2019-09,28.0,17956.559999999998
4722,Europe,Industrial,2019-10,20.0,10410.78
4723,Europe,Industrial,2019-12,6.0,1122.8999999999999
4724,Europe,Industrial,2020-01,11.0,10286.04
4725,Europe,Industrial,2020-02,31.0,19328.03
4726,Europe,Industrial,2020-03,22.0,17952.44
4727,Europe,Industrial,2020-04,7.0,852.81
4728,Europe,Industrial,2020-05,1.0,926.1
4729,Europe,Industrial,2020-06,9.0,5312.28
4730,Europe,Industrial,2020-07,20.0,14042.42
4731,Europe,Industrial,2020-08,41.0,28318.6
4732,Europe,Industrial,2020-09,20.0,7312.57
4733,Europe,Industrial,2020-10,5.0,1276.59
4734,Europe,Industrial,2020-11,24.0,18100.94
4735,Europe,Industrial,2020-12,6.0,2073.6
4736,Europe,Industrial,2016-07,32.0,19494.84
4737,Europe,Industrial,2016-08,27.0,11334.19
4738,Europe,Industrial,2017-11,16.0,12645.7
4739,Europe,Industrial,2019-11,51.0,22582.75
4740,Europe,Jewelery,2016-01,11.0,5946.48
4741,Europe,Jewelery,2016-02,,
4742,Europe,Jewelery,2016-03,17.0,5433.88
4743,Europe,Jewelery,2016-04,18.0,6468.18
4744,Europe,Jewelery,2016-05,9.0,6623.03
4745,Europe,Jewelery,2016-06,11.0,1192.06
4746,Europe,Jewelery,2016-09,13.0,2953.2
4747,Europe,Jewelery,2016-10,7.0,3111.57
4748,Europe,Jewelery,2016-11,3.0,1446.4699999999998
4749,Europe,Jewelery,2016-12,26.0,12242.89
4750,Europe,Jewelery,2017-01,3.0,2764.89
4751,Europe,Jewelery,2017-02,13.0,2095.4399999999996
4752,Europe,Jewelery,2017-03,,
4753,Europe,Jewelery,2017-04,24.0,6752.639999999999
4754,Europe,Jewelery,2017-05,20.0,10817.150000000001
4755,Europe,Jewelery,2017-06,26.0,10044.36
4756,Europe,Jewelery,2017-07,7.0,3205.34
4757,Europe,Jewelery,2017-08,21.0,12852.28
4758,Europe,Jewelery,2017-09,7.0,4830.299999999999
4759,Europe,Jewelery,2017-10,3.0,1416.69
4760,Europe,Jewelery,2017-12,6.0,2550.2400000000002
4761,Europe,Jewelery,2018-01,17.0,13230.779999999999
4762,Europe,Jewelery,2018-02,2.0,1119.16
4763,Europe,Jewelery,2018-03,11.0,3495.1
4764,Europe,Jewelery,2018-04,5.0,1474.97
4765,Europe,Jewelery,2018-05,4.0,2529.7599999999998
4766,Europe,Jewelery,2018-06,,
4767,Europe,Jewelery,2018-07,,
4768,Europe,Jewelery,2018-08,43.0,22183.01
4769,Europe,Jewelery,2018-09,17.0,4044.3599999999997
4770,Europe,Jewelery,2018-10,11.0,6734.91
4771,Europe,Jewelery,2018-11,,
4772,Europe,Jewelery,2018-12,27.0,9848.43
4773,Europe,Jewelery,2019-01,13.0,3340.5599999999995
4774,Europe,Jewelery,2019-02,,
4775,Europe,Jewelery,2019-03,18.0,4686.07
4776,Europe,Jewelery,2019-04,7.0,1879.4099999999999
4777,Europe,Jewelery,2019-05,3.0,872.1600000000001
4778,Europe,Jewelery,2019-06,19.0,5843.35
4779,Europe,Jewelery,2019-07,14.0,4371.62
4780,Europe,Jewelery,2019-08,21.0,17940.6
4781,Europe,Jewelery,2019-09,22.0,14756.900000000001
4782,Europe,Jewelery,2019-10,15.0,8853.24
4783,Europe,Jewelery,2019-12,7.0,4685.38
4784,Europe,Jewelery,2020-01,6.0,4465.8
4785,Europe,Jewelery,2020-02,,
4786,Europe,Jewelery,2020-03,1.0,899.91
4787,Europe,Jewelery,2020-04,2.0,651.42
4788,Europe,Jewelery,2020-05,14.0,9346.62
4789,Europe,Jewelery,2020-06,12.0,5934.400000000001
4790,Europe,Jewelery,2020-07,2.0,273.59999999999997
4791,Europe,Jewelery,2020-08,1.0,679.14
4792,Europe,Jewelery,2020-09,14.0,9109.02
4793,Europe,Jewelery,2020-10,29.0,15703.769999999999
4794,Europe,Jewelery,2020-11,15.0,10147.27
4795,Europe,Jewelery,2020-12,16.0,9881.369999999999
4796,Europe,Jewelery,2016-07,7.0,3107.6399999999994
4797,Europe,Jewelery,2016-08,7.0,1375.22
4798,Europe,Jewelery,2017-11,11.0,4705.12
4799,Europe,Jewelery,2019-11,,
4800,Europe,Kids,2016-01,6.0,4384.8
4801,Europe,Kids,2016-02,11.0,5426.68
4802,Europe,Kids,2016-03,,
4803,Europe,Kids,2016-04,13.0,8799.279999999999
4804,Europe,Kids,2016-05,31.0,16802.67
4805,Europe,Kids,2016-06,,
4806,Europe,Kids,2016-09,4.0,60.16
4807,Europe,Kids,2016-10,18.0,9798.04
4808,Europe,Kids,2016-11,24.0,9466.88
4809,Europe,Kids,2016-12,41.0,17154.54
4810,Europe,Kids,2017-01,7.0,3526.04
4811,Europe,Kids,2017-02,13.0,4344.799999999999
4812,Europe,Kids,2017-03,34.0,15555.71
4813,Europe,Kids,2017-04,35.0,14341.08
4814,Europe,Kids,2017-05,24.0,9251.38
4815,Europe,Kids,2017-06,19.0,8587.11
4816,Europe,Kids,2017-07,15.0,3993.7400000000002
4817,Europe,Kids,2017-08,13.0,8660.11
4818,Europe,Kids,2017-09,14.0,5256.0199999999995
4819,Europe,Kids,2017-10,9.0,3536.2799999999997
4820,Europe,Kids,2017-12,26.0,12307.1
4821,Europe,Kids,2018-01,14.0,3951.5600000000004
4822,Europe,Kids,2018-02,13.0,10681.68
4823,Europe,Kids,2018-03,8.0,1406.24
4824,Europe,Kids,2018-04,3.0,734.4
4825,Europe,Kids,2018-05,9.0,4734.57
4826,Europe,Kids,2018-06,28.0,15440.400000000001
4827,Europe,Kids,2018-07,29.0,20540.629999999997
4828,Europe,Kids,2018-08,9.0,3906.44
4829,Europe,Kids,2018-09,32.0,13657.41
4830,Europe,Kids,2018-10,11.0,8830.08
4831,Europe,Kids,2018-11,17.0,7072.07
4832,Europe,Kids,2018-12,23.0,8979.56
4833,Europe,Kids,2019-01,28.0,10788.38
4834,Europe,Kids,2019-02,10.0,5924.25
4835,Europe,Kids,2019-03,1.0,285.18
4836,Europe,Kids,2019-04,19.0,9054.06
4837,Europe,Kids,2019-05,28.0,17311.17
4838,Europe,Kids,2019-06,16.0,11560.03
4839,Europe,Kids,2019-07,10.0,3534.2200000000003
4840,Europe,Kids,2019-08,17.0,7630.5
4841,Europe,Kids,2019-09,6.0,1739.6
4842,Europe,Kids,2019-10,7.0,6216.0
4843,Europe,Kids,2019-12,6.0,5124.3
4844,Europe,Kids,2020-01,3.0,2.88
4845,Europe,Kids,2020-02,4.0,490.2
4846,Europe,Kids,2020-03,9.0,3857.6500000000005
4847,Europe,Kids,2020-04,8.0,3332.0
4848,Europe,Kids,2020-05,10.0,7128.0
4849,Europe,Kids,2020-06,35.0,18862.059999999998
4850,Europe,Kids,2020-07,9.0,5005.280000000001
4851,Europe,Kids,2020-08,11.0,2827.78
4852,Europe,Kids,2020-09,7.0,2333.2
4853,Europe,Kids,2020-10,13.0,7838.039999999999
4854,Europe,Kids,2020-11,27.0,15540.45
4855,Europe,Kids,2020-12,10.0,7016.91
4856,Europe,Kids,2016-07,23.0,10671.16
4857,Europe,Kids,2016-08,14.0,7233.84
4858,Europe,Kids,2017-11,13.0,9477.34
4859,Europe,Kids,2019-11,9.0,3060.54
4860,Europe,Movies,2016-01,,
4861,Europe,Movies,2016-02,21.0,17870.6
4862,Europe,Movies,2016-03,22.0,12174.119999999999
4863,Europe,Movies,2016-04,15.0,8733.96
4864,Europe,Movies,2016-05,4.0,2033.31
4865,Europe,Movies,2016-06,7.0,2421.44
4866,Europe,Movies,2016-09,5.0,796.5
4867,Europe,Movies,2016-10,34.0,14892.11
4868,Europe,Movies,2016-11,19.0,8042.66
4869,Europe,Movies,2016-12,16.0,9274.26
4870,Europe,Movies,2017-01,18.0,13539.74
4871,Europe,Movies,2017-02,14.0,8352.880000000001
4872,Europe,Movies,2017-03,10.0,3445.2
4873,Europe,Movies,2017-04,31.0,15862.53
4874,Europe,Movies,2017-05,21.0,13084.18
4875,Europe,Movies,2017-06,14.0,9220.96
4876,Europe,Movies,2017-07,23.0,12473.28
4877,Europe,Movies,2017-08,,
4878,Europe,Movies,2017-09,23.0,14224.79
4879,Europe,Movies,2017-10,,
4880,Europe,Movies,2017-12,29.0,17374.28
4881,Europe,Movies,2018-01,7.0,3926.58
4882,Europe,Movies,2018-02,8.0,1743.6399999999999
4883,Europe,Movies,2018-03,10.0,9018.9
4884,Europe,Movies,2018-04,11.0,4375.08
4885,Europe,Movies,2018-05,14.0,4126.379999999999
4886,Europe,Movies,2018-06,17.0,9038.52
4887,Europe,Movies,2018-07,9.0,5543.55
4888,Europe,Movies,2018-08,9.0,1846.44
4889,Europe,Movies,2018-09,11.0,2683.6399999999994
4890,Europe,Movies,2018-10,14.0,7086.66
4891,Europe,Movies,2018-11,26.0,9020.58
4892,Europe,Movies,2018-12,31.0,7470.099999999999
4893,Europe,Movies,2019-01,10.0,3435.7
4894,Europe,Movies,2019-02,8.0,368.48
4895,Europe,Movies,2019-03,10.0,5976.57
4896,Europe,Movies,2019-04,20.0,2595.7799999999997
4897,Europe,Movies,2019-05,17.0,4081.98
4898,Europe,Movies,2019-06,9.0,4171.5
4899,Europe,Movies,2019-07,5.0,1920.4499999999998
4900,Europe,Movies,2019-08,20.0,5479.860000000001
4901,Europe,Movies,2019-09,19.0,10016.7
4902,Europe,Movies,2019-10,14.0,7319.040000000001
4903,Europe,Movies,2019-12,9.0,707.1600000000001
4904,Europe,Movies,2020-01,,
4905,Europe,Movies,2020-02,12.0,4663.629999999999
4906,Europe,Movies,2020-03,5.0,3175.2
4907,Europe,Movies,2020-04,8.0,3601.04
4908,Europe,Movies,2020-05,21.0,4828.349999999999
4909,Europe,Movies,2020-06,17.0,5811.0
4910,Europe,Movies,2020-07,5.0,3182.5
4911,Europe,Movies,2020-08,24.0,16751.28
4912,Europe,Movies,2020-09,15.0,3553.2
4913,Europe,Movies,2020-10,14.0,6986.629999999999
4914,Europe,Movies,2020-11,6.0,2352.4
4915,Europe,Movies,2020-12,21.0,7241.900000000001
4916,Europe,Movies,2016-07,20.0,8385.539999999999
4917,Europe,Movies,2016-08,,
4918,Europe,Movies,2017-11,6.0,4636.8
4919,Europe,Movies,2019-11,,
4920,Europe,Music,2016-01,26.0,18281.91
4921,Europe,Music,2016-02,2.0,1619.2799999999997
4922,Europe,Music,2016-03,13.0,4418.7
4923,Europe,Music,2016-04,,
4924,Europe,Music,2016-05,3.0,882.09
4925,Europe,Music,2016-06,21.0,10273.68
4926,Europe,Music,2016-09,,
4927,Europe,Music,2016-10,8.0,3458.0
4928,Europe,Music,2016-11,2.0,936.48
4929,Europe,Music,2016-12,17.0,10607.039999999999
4930,Europe,Music,2017-01,,
4931,Europe,Music,2017-02,1.0,418.5
4932,Europe,Music,2017-03,14.0,10507.93
4933,Europe,Music,2017-04,10.0,1404.6
4934,Europe,Music,2017-05,23.0,11626.33
4935,Europe,Music,2017-06,39.0,19558.899999999998
4936,Europe,Music,2017-07,2.0,1054.5
4937,Europe,Music,2017-08,32.0,22782.44
4938,Europe,Music,2017-09,20.0,11016.81
4939,Europe,Music,2017-10,35.0,15925.28
4940,Europe,Music,2017-12,7.0,4725.84
4941,Europe,Music,2018-01,10.0,2641.3199999999997
4942,Europe,Music,2018-02,12.0,3686.58
4943,Europe,Music,2018-03,23.0,9954.91
4944,Europe,Music,2018-04,16.0,9201.990000000002
4945,Europe,Music,2018-05,5.0,3091.9
4946,Europe,Music,2018-06,10.0,3646.88
4947,Europe,Music,2018-07,4.0,1420.2600000000002
4948,Europe,Music,2018-08,13.0,5200.15
4949,Europe,Music,2018-09,7.0,925.8299999999999
4950,Europe,Music,2018-10,20.0,10506.27
4951,Europe,Music,2018-11,14.0,7838.2
4952,Europe,Music,2018-12,25.0,8847.42
4953,Europe,Music,2019-01,7.0,5197.92
4954,Europe,Music,2019-02,25.0,13833.939999999999
4955,Europe,Music,2019-03,13.0,8412.380000000001
4956,Europe,Music,2019-04,9.0,934.92
4957,Europe,Music,2019-05,13.0,8147.459999999999
4958,Europe,Music,2019-06,18.0,4221.43
4959,Europe,Music,2019-07,14.0,3437.24
4960,Europe,Music,2019-08,21.0,7569.900000000001
4961,Europe,Music,2019-09,30.0,11525.14
4962,Europe,Music,2019-10,16.0,7684.4400000000005
4963,Europe,Music,2019-12,,
4964,Europe,Music,2020-01,11.0,2576.98
4965,Europe,Music,2020-02,3.0,1874.8799999999999
4966,Europe,Music,2020-03,10.0,4358.4
4967,Europe,Music,2020-04,,
4968,Europe,Music,2020-05,15.0,6164.4
4969,Europe,Music,2020-06,25.0,14164.119999999999
4970,Europe,Music,2020-07,29.0,12251.710000000001
4971,Europe,Music,2020-08,21.0,3927.66
4972,Europe,Music,2020-09,10.0,5407.88
4973,Europe,Music,2020-10,,
4974,Europe,Music,2020-11,21.0,11144.82
4975,Europe,Music,2020-12,11.0,6101.18
4976,Europe,Music,2016-07,12.0,1559.7400000000002
4977,Europe,Music,2016-08,31.0,25821.92
4978,Europe,Music,2017-11,30.0,15934.47
4979,Europe,Music,2019-11,16.0,6243.7300000000005
4980,Europe,Outdoors,2016-01,13.0,9899.98
4981,Europe,Outdoors,2016-02,,
4982,Europe,Outdoors,2016-03,13.0,9615.119999999999
4983,Europe,Outdoors,2016-04,17.0,9250.83
4984,Europe,Outdoors,2016-05,12.0,7716.0
4985,Europe,Outdoors,2016-06,4.0,1997.6399999999999
4986,Europe,Outdoors,2016-09,6.0,3921.8399999999997
4987,Europe,Outdoors,2016-10,17.0,8901.29
4988,Europe,Outdoors,2016-11,,
4989,Europe,Outdoors,2016-12,,
4990,Europe,Outdoors,2017-01,23.0,11353.91
4991,Europe,Outdoors,2017-02,4.0,1161.16
4992,Europe,Outdoors,2017-03,19.0,9545.47
4993,Europe,Outdoors,2017-04,3.0,2310.54
4994,Europe,Outdoors,2017-05,4.0,23.52
4995,Europe,Outdoors,2017-06,13.0,7224.51
4996,Europe,Outdoors,2017-07,19.0,8712.6
4997,Europe,Outdoors,2017-08,16.0,8002.599999999999
4998,Europe,Outdoors,2017-09,8.0,6144.0
4999,Europe,Outdoors,2017-10,3.0,2653.62
5000,Europe,Outdoors,2017-12,4.0,2968.4399999999996
5001,Europe,Outdoors,2018-01,10.0,7015.76
5002,Europe,Outdoors,2018-02,14.0,5015.599999999999
5003,Europe,Outdoors,2018-03,8.0,4830.72
5004,Europe,Outdoors,2018-04,4.0,2520.96
5005,Europe,Outdoors,2018-05,18.0,7267.61
5006,Europe,Outdoors,2018-06,16.0,8961.73
5007,Europe,Outdoors,2018-07,2.0,833.28
5008,Europe,Outdoors,2018-08,26.0,14631.96
5009,Europe,Outdoors,2018-09,3.0,1131.24
5010,Europe,Outdoors,2018-10,6.0,1676.4499999999998
5011,Europe,Outdoors,2018-11,31.0,16987.04
5012,Europe,Outdoors,2018-12,31.0,7917.88
5013,Europe,Outdoors,2019-01,9.0,3770.16
5014,Europe,Outdoors,2019-02,9.0,4185.09
5015,Europe,Outdoors,2019-03,9.0,5645.5
5016,Europe,Outdoors,2019-04,2.0,1786.74
5017,Europe,Outdoors,2019-05,7.0,5012.7
5018,Europe,Outdoors,2019-06,8.0,859.1999999999999
5019,Europe,Outdoors,2019-07,11.0,3883.08
5020,Europe,Outdoors,2019-08,,
5021,Europe,Outdoors,2019-09,,
5022,Europe,Outdoors,2019-10,22.0,14226.74
5023,Europe,Outdoors,2019-12,,
5024,Europe,Outdoors,2020-01,6.0,4073.76
5025,Europe,Outdoors,2020-02,,
5026,Europe,Outdoors,2020-03,9.0,1244.88
5027,Europe,Outdoors,2020-04,1.0,318.15999999999997
5028,Europe,Outdoors,2020-05,5.0,990.0
5029,Europe,Outdoors,2020-06,12.0,8670.9
5030,Europe,Outdoors,2020-07,18.0,6083.6
5031,Europe,Outdoors,2020-08,14.0,4254.030000000001
5032,Europe,Outdoors,2020-09,34.0,22512.309999999998
5033,Europe,Outdoors,2020-10,26.0,11983.71
5034,Europe,Outdoors,2020-11,,
5035,Europe,Outdoors,2020-12,6.0,870.4799999999999
5036,Europe,Outdoors,2016-07,4.0,1599.36
5037,Europe,Outdoors,2016-08,8.0,3310.7999999999997
5038,Europe,Outdoors,2017-11,6.0,1402.62
5039,Europe,Outdoors,2019-11,4.0,1887.7300000000002
5040,Europe,Shoes,2016-01,8.0,3455.1800000000003
5041,Europe,Shoes,2016-02,12.0,2427.2699999999995
5042,Europe,Shoes,2016-03,,
5043,Europe,Shoes,2016-04,,
5044,Europe,Shoes,2016-05,11.0,3626.0
5045,Europe,Shoes,2016-06,20.0,8035.08
5046,Europe,Shoes,2016-09,26.0,19957.760000000002
5047,Europe,Shoes,2016-10,6.0,1601.76
5048,Europe,Shoes,2016-11,9.0,4752.16
5049,Europe,Shoes,2016-12,28.0,15572.26
5050,Europe,Shoes,2017-01,23.0,8350.119999999999
5051,Europe,Shoes,2017-02,8.0,2254.2000000000003
5052,Europe,Shoes,2017-03,2.0,559.36
5053,Europe,Shoes,2017-04,21.0,13209.66
5054,Europe,Shoes,2017-05,23.0,11518.8
5055,Europe,Shoes,2017-06,19.0,7657.04
5056,Europe,Shoes,2017-07,19.0,10768.44
5057,Europe,Shoes,2017-08,3.0,490.67999999999995
5058,Europe,Shoes,2017-09,13.0,6942.38
5059,Europe,Shoes,2017-10,14.0,1804.98
5060,Europe,Shoes,2017-12,18.0,5544.98
5061,Europe,Shoes,2018-01,22.0,12956.23
5062,Europe,Shoes,2018-02,20.0,4728.78
5063,Europe,Shoes,2018-03,21.0,9069.789999999999
5064,Europe,Shoes,2018-04,30.0,17351.9
5065,Europe,Shoes,2018-05,14.0,5076.719999999999
5066,Europe,Shoes,2018-06,24.0,16702.61
5067,Europe,Shoes,2018-07,8.0,4569.84
5068,Europe,Shoes,2018-08,6.0,2736.0
5069,Europe,Shoes,2018-09,14.0,5860.43
5070,Europe,Shoes,2018-10,8.0,2166.0
5071,Europe,Shoes,2018-11,8.0,2120.1
5072,Europe,Shoes,2018-12,20.0,8479.44
5073,Europe,Shoes,2019-01,,
5074,Europe,Shoes,2019-02,22.0,6235.8099999999995
5075,Europe,Shoes,2019-03,9.0,4561.92
5076,Europe,Shoes,2019-04,19.0,9217.54
5077,Europe,Shoes,2019-05,,
5078,Europe,Shoes,2019-06,13.0,7242.469999999999
5079,Europe,Shoes,2019-07,15.0,4941.9400000000005
5080,Europe,Shoes,2019-08,10.0,1374.1000000000001
5081,Europe,Shoes,2019-09,8.0,316.48
5082,Europe,Shoes,2019-10,12.0,10589.25
5083,Europe,Shoes,2019-12,27.0,9829.74
5084,Europe,Shoes,2020-01,16.0,7550.85
5085,Europe,Shoes,2020-02,14.0,5366.400000000001
5086,Europe,Shoes,2020-03,,
5087,Europe,Shoes,2020-04,1.0,422.38
5088,Europe,Shoes,2020-05,14.0,4018.7999999999997
5089,Europe,Shoes,2020-06,13.0,630.49
5090,Europe,Shoes,2020-07,,
5091,Europe,Shoes,2020-08,13.0,2748.8999999999996
5092,Europe,Shoes,2020-09,,
5093,Europe,Shoes,2020-10,13.0,5951.679999999999
5094,Europe,Shoes,2020-11,1.0,564.2
5095,Europe,Shoes,2020-12,13.0,7888.56
5096,Europe,Shoes,2016-07,8.0,3217.95
5097,Europe,Shoes,2016-08,3.0,1470.15
5098,Europe,Shoes,2017-11,3.0,532.53
5099,Europe,Shoes,2019-11,11.0,4040.9
5100,Europe,Sports,2016-01,,
5101,Europe,Sports,2016-02,9.0,1411.2
5102,Europe,Sports,2016-03,9.0,2157.42
5103,Europe,Sports,2016-04,14.0,5645.97
5104,Europe,Sports,2016-05,9.0,2552.26
5105,Europe,Sports,2016-06,10.0,7849.0
5106,Europe,Sports,2016-09,,
5107,Europe,Sports,2016-10,12.0,5762.4800000000005
5108,Europe,Sports,2016-11,9.0,4314.57
5109,Europe,Sports,2016-12,24.0,10809.24
5110,Europe,Sports,2017-01,31.0,14630.55
5111,Europe,Sports,2017-02,5.0,1368.0
5112,Europe,Sports,2017-03,44.0,28146.56
5113,Europe,Sports,2017-04,10.0,6586.3
5114,Europe,Sports,2017-05,17.0,6922.1
5115,Europe,Sports,2017-06,19.0,2223.95
5116,Europe,Sports,2017-07,7.0,6531.84
5117,Europe,Sports,2017-08,15.0,4802.679999999999
5118,Europe,Sports,2017-09,,
5119,Europe,Sports,2017-10,26.0,9067.92
5120,Europe,Sports,2017-12,,
5121,Europe,Sports,2018-01,1.0,534.47
5122,Europe,Sports,2018-02,23.0,9788.65
5123,Europe,Sports,2018-03,,
5124,Europe,Sports,2018-04,5.0,2550.3399999999997
5125,Europe,Sports,2018-05,17.0,4801.549999999999
5126,Europe,Sports,2018-06,12.0,10947.88
5127,Europe,Sports,2018-07,13.0,5849.1
5128,Europe,Sports,2018-08,18.0,6659.719999999999
5129,Europe,Sports,2018-09,31.0,12829.36
5130,Europe,Sports,2018-10,5.0,4277.7
5131,Europe,Sports,2018-11,,
5132,Europe,Sports,2018-12,,
5133,Europe,Sports,2019-01,10.0,1555.2
5134,Europe,Sports,2019-02,10.0,8410.880000000001
5135,Europe,Sports,2019-03,,
5136,Europe,Sports,2019-04,20.0,8388.099999999999
5137,Europe,Sports,2019-05,26.0,13772.119999999999
5138,Europe,Sports,2019-06,19.0,9933.06
5139,Europe,Sports,2019-07,18.0,8191.080000000001
5140,Europe,Sports,2019-08,,
5141,Europe,Sports,2019-09,17.0,7989.9400000000005
5142,Europe,Sports,2019-10,,
5143,Europe,Sports,2019-12,20.0,10945.36
5144,Europe,Sports,2020-01,27.0,16651.739999999998
5145,Europe,Sports,2020-02,20.0,8635.55
5146,Europe,Sports,2020-03,9.0,6335.01
5147,Europe,Sports,2020-04,2.0,1783.8
5148,Europe,Sports,2020-05,,
5149,Europe,Sports,2020-06,1.0,564.3
5150,Europe,Sports,2020-07,6.0,2894.4
5151,Europe,Sports,2020-08,1.0,593.1
5152,Europe,Sports,2020-09,5.0,2019.1599999999999
5153,Europe,Sports,2020-10,17.0,13598.98
5154,Europe,Sports,2020-11,12.0,1203.6100000000001
5155,Europe,Sports,2020-12,15.0,9119.97
5156,Europe,Sports,2016-07,2.0,159.07999999999998
5157,Europe,Sports,2016-08,27.0,14370.24
5158,Europe,Sports,2017-11,27.0,4966.54
5159,Europe,Sports,2019-11,7.0,1862.38
5160,Europe,Tools,2016-01,10.0,136.5
5161,Europe,Tools,2016-02,13.0,11754.42
5162,Europe,Tools,2016-03,,
5163,Europe,Tools,2016-04,25.0,10498.65
5164,Europe,Tools,2016-05,17.0,12528.92
5165,Europe,Tools,2016-06,4.0,245.51999999999998
5166,Europe,Tools,2016-09,18.0,5370.26
5167,Europe,Tools,2016-10,14.0,4818.799999999999
5168,Europe,Tools,2016-11,7.0,2773.2599999999998
5169,Europe,Tools,2016-12,17.0,4702.59
5170,Europe,Tools,2017-01,17.0,9661.18
5171,Europe,Tools,2017-02,5.0,3082.5
5172,Europe,Tools,2017-03,,
5173,Europe,Tools,2017-04,3.0,999.1800000000001
5174,Europe,Tools,2017-05,15.0,4622.4
5175,Europe,Tools,2017-06,13.0,9911.07
5176,Europe,Tools,2017-07,13.0,4691.200000000001
5177,Europe,Tools,2017-08,23.0,12234.4
5178,Europe,Tools,2017-09,1.0,54.45
5179,Europe,Tools,2017-10,12.0,9284.009999999998
5180,Europe,Tools,2017-12,15.0,5277.540000000001
5181,Europe,Tools,2018-01,9.0,4398.3
5182,Europe,Tools,2018-02,32.0,18755.93
5183,Europe,Tools,2018-03,6.0,3548.16
5184,Europe,Tools,2018-04,14.0,7555.61
5185,Europe,Tools,2018-05,15.0,7149.379999999999
5186,Europe,Tools,2018-06,22.0,8739.51
5187,Europe,Tools,2018-07,48.0,21031.8
5188,Europe,Tools,2018-08,,
5189,Europe,Tools,2018-09,18.0,11131.5
5190,Europe,Tools,2018-10,8.0,6643.919999999999
5191,Europe,Tools,2018-11,10.0,5869.5
5192,Europe,Tools,2018-12,13.0,3135.93
5193,Europe,Tools,2019-01,25.0,13028.03
5194,Europe,Tools,2019-02,16.0,6233.099999999999
5195,Europe,Tools,2019-03,,
5196,Europe,Tools,2019-04,22.0,13764.31
5197,Europe,Tools,2019-05,10.0,5418.32
5198,Europe,Tools,2019-06,34.0,12674.94
5199,Europe,Tools,2019-07,3.0,2834.16
5200,Europe,Tools,2019-08,19.0,10692.240000000002
5201,Europe,Tools,2019-09,21.0,9557.66
5202,Europe,Tools,2019-10,8.0,3584.2400000000002
5203,Europe,Tools,2019-12,6.0,783.36
5204,Europe,Tools,2020-01,5.0,2618.4400000000005
5205,Europe,Tools,2020-02,11.0,634.61
5206,Europe,Tools,2020-03,31.0,19222.93
5207,Europe,Tools,2020-04,10.0,7304.719999999999
5208,Europe,Tools,2020-05,12.0,5418.54
5209,Europe,Tools,2020-06,,
5210,Europe,Tools,2020-07,29.0,11952.75
5211,Europe,Tools,2020-08,14.0,7065.36
5212,Europe,Tools,2020-09,1.0,112.24000000000001
5213,Europe,Tools,2020-10,11.0,6781.44
5214,Europe,Tools,2020-11,20.0,9334.609999999999
5215,Europe,Tools,2020-12,2.0,1692.6
5216,Europe,Tools,2016-07,9.0,247.95
5217,Europe,Tools,2016-08,10.0,5862.2
5218,Europe,Tools,2017-11,18.0,3989.89
5219,Europe,Tools,2019-11,9.0,5881.84
5220,Europe,Toys,2016-01,1.0,274.34999999999997
5221,Europe,Toys,2016-02,18.0,8880.08
5222,Europe,Toys,2016-03,10.0,2694.2499999999995
5223,Europe,Toys,2016-04,7.0,4624.5599999999995
5224,Europe,Toys,2016-05,16.0,9247.35
5225,Europe,Toys,2016-06,26.0,14784.78
5226,Europe,Toys,2016-09,21.0,12982.76
5227,Europe,Toys,2016-10,9.0,5397.12
5228,Europe,Toys,2016-11,1.0,806.85
5229,Europe,Toys,2016-12,1.0,401.84999999999997
5230,Europe,Toys,2017-01,,
5231,Europe,Toys,2017-02,,
5232,Europe,Toys,2017-03,7.0,5884.2
5233,Europe,Toys,2017-04,10.0,5362.26
5234,Europe,Toys,2017-05,23.0,15967.9
5235,Europe,Toys,2017-06,8.0,3027.54
5236,Europe,Toys,2017-07,2.0,1282.3799999999999
5237,Europe,Toys,2017-08,20.0,13938.599999999999
5238,Europe,Toys,2017-09,13.0,8032.139999999999
5239,Europe,Toys,2017-10,16.0,6983.5599999999995
5240,Europe,Toys,2017-12,7.0,5861.48
5241,Europe,Toys,2018-01,5.0,866.25
5242,Europe,Toys,2018-02,10.0,6410.999999999999
5243,Europe,Toys,2018-03,22.0,12468.0
5244,Europe,Toys,2018-04,10.0,7358.26
5245,Europe,Toys,2018-05,18.0,7305.21
5246,Europe,Toys,2018-06,35.0,14608.119999999999
5247,Europe,Toys,2018-07,5.0,2171.4
5248,Europe,Toys,2018-08,9.0,2590.2200000000003
5249,Europe,Toys,2018-09,12.0,1950.97
5250,Europe,Toys,2018-10,7.0,1210.06
5251,Europe,Toys,2018-11,6.0,2398.48
5252,Europe,Toys,2018-12,5.0,2040.0
5253,Europe,Toys,2019-01,33.0,15050.08
5254,Europe,Toys,2019-02,4.0,1420.08
5255,Europe,Toys,2019-03,29.0,10010.3
5256,Europe,Toys,2019-04,4.0,2372.04
5257,Europe,Toys,2019-05,13.0,9263.04
5258,Europe,Toys,2019-06,20.0,10480.95
5259,Europe,Toys,2019-07,4.0,337.56
5260,Europe,Toys,2019-08,10.0,7859.759999999999
5261,Europe,Toys,2019-09,6.0,2987.04
5262,Europe,Toys,2019-10,20.0,11214.96
5263,Europe,Toys,2019-12,,
5264,Europe,Toys,2020-01,30.0,18132.84
5265,Europe,Toys,2020-02,10.0,7837.48
5266,Europe,Toys,2020-03,6.0,4876.3
5267,Europe,Toys,2020-04,22.0,9307.779999999999
5268,Europe,Toys,2020-05,10.0,2201.42
5269,Europe,Toys,2020-06,24.0,11775.259999999998
5270,Europe,Toys,2020-07,5.0,4561.8
5271,Europe,Toys,2020-08,2.0,1656.2
5272,Europe,Toys,2020-09,13.0,5315.13
5273,Europe,Toys,2020-10,3.0,2065.5
5274,Europe,Toys,2020-11,17.0,6758.96
5275,Europe,Toys,2020-12,32.0,13421.900000000001
5276,Europe,Toys,2016-07,32.0,14060.98
5277,Europe,Toys,2016-08,31.0,13517.08
5278,Europe,Toys,2017-11,,
5279,Europe,Toys,2019-11,,
5280,North America,Automotive,2016-01,23.0,14467.08
5281,North America,Automotive,2016-02,23.0,13087.579999999998
5282,North America,Automotive,2016-03,19.0,8971.08
5283,North America,Automotive,2016-04,12.0,4081.46
5284,North America,Automotive,2016-05,6.0,1708.98
5285,North America,Automotive,2016-06,,
5286,North America,Automotive,2016-09,9.0,5152.62
5287,North America,Automotive,2016-10,23.0,13923.32
5288,North America,Automotive,2016-11,3.0,1411.4999999999998
5289,North America,Automotive,2016-12,18.0,12274.080000000002
5290,North America,Automotive,2017-01,11.0,7218.15
5291,North America,Automotive,2017-02,9.0,1348.62
5292,North America,Automotive,2017-03,,
5293,North America,Automotive,2017-04,,
5294,North America,Automotive,2017-05,,
5295,North America,Automotive,2017-06,28.0,10569.880000000001
5296,North America,Automotive,2017-07,9.0,3148.74
5297,North America,Automotive,2017-08,12.0,6078.72
5298,North America,Automotive,2017-09,28.0,15539.34
5299,North America,Automotive,2017-10,2.0,463.14
5300,North America,Automotive,2017-12,2.0,1275.52
5301,North America,Automotive,2018-01,10.0,7074.150000000001
5302,North America,Automotive,2018-02,19.0,8081.5199999999995
5303,North America,Automotive,2018-03,16.0,3172.95
5304,North America,Automotive,2018-04,9.0,6383.88
5305,North America,Automotive,2018-05,4.0,3141.32
5306,North America,Automotive,2018-06,,
5307,North America,Automotive,2018-07,,
5308,North America,Automotive,2018-08,10.0,678.9
5309,North America,Automotive,2018-09,12.0,6455.22
5310,North America,Automotive,2018-10,11.0,3917.1899999999996
5311,North America,Automotive,2018-11,10.0,636.5
5312,North America,Automotive,2018-12,15.0,9229.5
5313,North America,Automotive,2019-01,4.0,970.0799999999999
5314,North America,Automotive,2019-02,6.0,1063.26
5315,North America,Automotive,2019-03,4.0,1619.1299999999999
5316,North America,Automotive,2019-04,5.0,652.5
5317,North America,Automotive,2019-05,,
5318,North America,Automotive,2019-06,29.0,10199.44
5319,North America,Automotive,2019-07,8.0,3841.92
5320,North America,Automotive,2019-08,,
5321,North America,Automotive,2019-09,10.0,3077.2
5322,North America,Automotive,2019-10,4.0,3504.6
5323,North America,Automotive,2019-12,9.0,1522.8
5324,North America,Automotive,2020-01,15.0,4795.7
5325,North America,Automotive,2020-02,10.0,5793.82
5326,North America,Automotive,2020-03,4.0,2556.92
5327,North America,Automotive,2020-04,15.0,4997.080000000001
5328,North America,Automotive,2020-05,8.0,6467.599999999999
5329,North America,Automotive,2020-06,16.0,4705.96
5330,North America,Automotive,2020-07,12.0,1639.9499999999998
5331,North America,Automotive,2020-08,9.0,4428.9
5332,North America,Automotive,2020-09,3.0,2257.92
5333,North America,Automotive,2020-10,22.0,13693.89
5334,North America,Automotive,2020-11,9.0,4180.68
5335,North America,Automotive,2020-12,,
5336,North America,Automotive,2016-07,16.0,4170.24
5337,North America,Automotive,2016-08,7.0,6255.34
5338,North America,Automotive,2017-11,2.0,138.32
5339,North America,Automotive,2019-11,20.0,9882.599999999999
5340,North America,Baby,2016-01,4.0,1802.43
5341,North America,Baby,2016-02,15.0,11607.859999999999
5342,North America,Baby,2016-03,17.0,10519.77
5343,North America,Baby,2016-04,12.0,3328.3199999999997
5344,North America,Baby,2016-05,,
5345,North America,Baby,2016-06,11.0,9327.92
5346,North America,Baby,2016-09,,
5347,North America,Baby,2016-10,9.0,4122.900000000001
5348,North America,Baby,2016-11,12.0,4425.360000000001
5349,North America,Baby,2016-12,8.0,2941.44
5350,North America,Baby,2017-01,,
5351,North America,Baby,2017-02,,
5352,North America,Baby,2017-03,16.0,9074.7
5353,North America,Baby,2017-04,19.0,1790.9599999999998
5354,North America,Baby,2017-05,12.0,2719.76
5355,North America,Baby,2017-06,23.0,16077.539999999999
5356,North America,Baby,2017-07,4.0,1727.81
5357,North America,Baby,2017-08,10.0,3945.66
5358,North America,Baby,2017-09,,
5359,North America,Baby,2017-10,12.0,7484.4
5360,North America,Baby,2017-12,14.0,11543.4
5361,North America,Baby,2018-01,12.0,6679.110000000001
5362,North America,Baby,2018-02,35.0,7764.1900000000005
5363,North America,Baby,2018-03,6.0,3541.9199999999996
5364,North America,Baby,2018-04,22.0,8521.59
5365,North America,Baby,2018-05,,
5366,North America,Baby,2018-06,9.0,3346.25
5367,North America,Baby,2018-07,9.0,2608.2000000000003
5368,North America,Baby,2018-08,15.0,5948.76
5369,North America,Baby,2018-09,11.0,5815.499999999999
5370,North America,Baby,2018-10,16.0,7805.46
5371,North America,Baby,2018-11,,
5372,North America,Baby,2018-12,15.0,6577.23
5373,North America,Baby,2019-01,13.0,3528.93
5374,North America,Baby,2019-02,11.0,3774.87
5375,North America,Baby,2019-03,29.0,9041.02
5376,North America,Baby,2019-04,,
5377,North America,Baby,2019-05,10.0,5246.53
5378,North America,Baby,2019-06,,
5379,North America,Baby,2019-07,22.0,8745.06
5380,North America,Baby,2019-08,2.0,1447.08
5381,North America,Baby,2019-09,14.0,5162.78
5382,North America,Baby,2019-10,1.0,198.0
5383,North America,Baby,2019-12,10.0,4704.5
5384,North America,Baby,2020-01,31.0,18067.69
5385,North America,Baby,2020-02,14.0,9629.21
5386,North America,Baby,2020-03,18.0,10504.859999999999
5387,North America,Baby,2020-04,7.0,1221.1599999999999
5388,North America,Baby,2020-05,,
5389,North America,Baby,2020-06,19.0,7368.75
5390,North America,Baby,2020-07,2.0,1334.0
5391,North America,Baby,2020-08,,
5392,North America,Baby,2020-09,27.0,12614.84
5393,North America,Baby,2020-10,16.0,5876.16
5394,North America,Baby,2020-11,8.0,2577.12
5395,North America,Baby,2020-12,11.0,5315.28
5396,North America,Baby,2016-07,6.0,928.2
5397,North America,Baby,2016-08,11.0,4807.0599999999995
5398,North America,Baby,2017-11,2.0,493.22
5399,North America,Baby,2019-11,12.0,6111.45
5400,North America,Beauty,2016-01,5.0,1306.8
5401,North America,Beauty,2016-02,10.0,4185.7
5402,North America,Beauty,2016-03,6.0,3164.04
5403,North America,Beauty,2016-04,12.0,4541.92
5404,North America,Beauty,2016-05,,
5405,North America,Beauty,2016-06,3.0,547.08
5406,North America,Beauty,2016-09,14.0,7022.68
5407,North America,Beauty,2016-10,6.0,3221.4300000000003
5408,North America,Beauty,2016-11,10.0,4675.919999999999
5409,North America,Beauty,2016-12,,
5410,North America,Beauty,2017-01,21.0,10253.98
5411,North America,Beauty,2017-02,,
5412,North America,Beauty,2017-03,20.0,7981.46
5413,North America,Beauty,2017-04,17.0,8530.279999999999
5414,North America,Beauty,2017-05,25.0,15894.98
5415,North America,Beauty,2017-06,16.0,3667.4399999999996
5416,North America,Beauty,2017-07,9.0,2066.34
5417,North America,Beauty,2017-08,13.0,8188.599999999999
5418,North America,Beauty,2017-09,4.0,3135.9599999999996
5419,North America,Beauty,2017-10,5.0,2403.0
5420,North America,Beauty,2017-12,11.0,3778.56
5421,North America,Beauty,2018-01,18.0,6868.26
5422,North America,Beauty,2018-02,,
5423,North America,Beauty,2018-03,12.0,8090.01
5424,North America,Beauty,2018-04,32.0,13215.439999999999
5425,North America,Beauty,2018-05,13.0,6862.72
5426,North America,Beauty,2018-06,,
5427,North America,Beauty,2018-07,8.0,4379.76
5428,North America,Beauty,2018-08,2.0,82.01
5429,North America,Beauty,2018-09,21.0,17610.71
5430,North America,Beauty,2018-10,24.0,16406.0
5431,North America,Beauty,2018-11,21.0,4111.36
5432,North America,Beauty,2018-12,5.0,4508.0
5433,North America,Beauty,2019-01,9.0,132.3
5434,North America,Beauty,2019-02,13.0,10410.339999999998
5435,North America,Beauty,2019-03,,
5436,North America,Beauty,2019-04,21.0,11399.5
5437,North America,Beauty,2019-05,4.0,3437.2799999999997
5438,North America,Beauty,2019-06,36.0,21057.329999999998
5439,North America,Beauty,2019-07,11.0,6058.4800000000005
5440,North America,Beauty,2019-08,,
5441,North America,Beauty,2019-09,8.0,4324.72
5442,North America,Beauty,2019-10,15.0,9288.1
5443,North America,Beauty,2019-12,,
5444,North America,Beauty,2020-01,17.0,7082.76
5445,North America,Beauty,2020-02,5.0,1224.8400000000001
5446,North America,Beauty,2020-03,9.0,2894.52
5447,North America,Beauty,2020-04,11.0,4998.599999999999
5448,North America,Beauty,2020-05,9.0,3394.08
5449,North America,Beauty,2020-06,13.0,2783.8
5450,North America,Beauty,2020-07,5.0,3275.2000000000003
5451,North America,Beauty,2020-08,,
5452,North America,Beauty,2020-09,12.0,7394.4
5453,North America,Beauty,2020-10,6.0,3615.24
5454,North America,Beauty,2020-11,16.0,7087.07
5455,North America,Beauty,2020-12,12.0,6761.65
5456,North America,Beauty,2016-07,9.0,1631.16
5457,North America,Beauty,2016-08,26.0,14642.539999999999
5458,North America,Beauty,2017-11,14.0,1910.14
5459,North America,Beauty,2019-11,15.0,5497.89
5460,North America,Books,2016-01,5.0,1334.0
5461,North America,Books,2016-02,9.0,5771.25
5462,North America,Books,2016-03,8.0,4050.72
5463,North America,Books,2016-04,,
5464,North America,Books,2016-05,10.0,3090.65
5465,North America,Books,2016-06,,
5466,North America,Books,2016-09,11.0,3244.56
5467,North America,Books,2016-10,2.0,1143.4
5468,North America,Books,2016-11,10.0,843.9
5469,North America,Books,2016-12,10.0,6396.63
5470,North America,Books,2017-01,15.0,5967.679999999999
5471,North America,Books,2017-02,8.0,3949.4699999999993
5472,North America,Books,2017-03,23.0,12130.1
5473,North America,Books,2017-04,26.0,8029.08
5474,North America,Books,2017-05,2.0,427.68
5475,North America,Books,2017-06,30.0,15960.779999999999
5476,North America,Books,2017-07,21.0,5707.379999999999
5477,North America,Books,2017-08,5.0,831.6
5478,North America,Books,2017-09,33.0,11671.21
5479,North America,Books,2017-10,12.0,7219.71
5480,North America,Books,2017-12,,
5481,North America,Books,2018-01,28.0,13808.16
5482,North America,Books,2018-02,13.0,8497.09
5483,North America,Books,2018-03,6.0,2034.2600000000002
5484,North America,Books,2018-04,9.0,3384.7200000000003
5485,North America,Books,2018-05,,
5486,North America,Books,2018-06,5.0,3573.0
5487,North America,Books,2018-07,,
5488,North America,Books,2018-08,3.0,1670.3999999999999
5489,North America,Books,2018-09,6.0,3513.6
5490,North America,Books,2018-10,11.0,6859.5599999999995
5491,North America,Books,2018-11,7.0,4200.14
5492,North America,Books,2018-12,5.0,1953.2199999999998
5493,North America,Books,2019-01,11.0,5641.5599999999995
5494,North America,Books,2019-02,28.0,17814.0
5495,North America,Books,2019-03,8.0,4871.099999999999
5496,North America,Books,2019-04,4.0,1199.4399999999998
5497,North America,Books,2019-05,,
5498,North America,Books,2019-06,13.0,4079.12
5499,North America,Books,2019-07,18.0,7497.24
5500,North America,Books,2019-08,2.0,697.5
5501,North America,Books,2019-09,1.0,810.52
5502,North America,Books,2019-10,7.0,2188.95
5503,North America,Books,2019-12,,
5504,North America,Books,2020-01,17.0,260.56
5505,North America,Books,2020-02,,
5506,North America,Books,2020-03,,
5507,North America,Books,2020-04,19.0,6760.76
5508,North America,Books,2020-05,,
5509,North America,Books,2020-06,18.0,7686.540000000001
5510,North America,Books,2020-07,5.0,3552.5
5511,North America,Books,2020-08,3.0,1479.3600000000001
5512,North America,Books,2020-09,18.0,9127.84
5513,North America,Books,2020-10,,
5514,North America,Books,2020-11,6.0,3727.92
5515,North America,Books,2020-12,23.0,11335.3
5516,North America,Books,2016-07,25.0,4903.45
5517,North America,Books,2016-08,17.0,1103.16
5518,North America,Books,2017-11,7.0,478.8
5519,North America,Books,2019-11,24.0,13612.71
5520,North America,Clothing,2016-01,11.0,4961.25
5521,North America,Clothing,2016-02,22.0,11286.95
5522,North America,Clothing,2016-03,15.0,9660.7
5523,North America,Clothing,2016-04,,
5524,North America,Clothing,2016-05,25.0,15212.099999999999
5525,North America,Clothing,2016-06,45.0,24654.13
5526,North America,Clothing,2016-09,11.0,3858.0
5527,North America,Clothing,2016-10,17.0,2252.26
5528,North America,Clothing,2016-11,9.0,4698.62
5529,North America,Clothing,2016-12,15.0,3466.85
5530,North America,Clothing,2017-01,19.0,6000.86
5531,North America,Clothing,2017-02,33.0,20349.16
5532,North America,Clothing,2017-03,12.0,5047.65
5533,North America,Clothing,2017-04,13.0,6985.18
5534,North America,Clothing,2017-05,16.0,2660.0699999999997
5535,North America,Clothing,2017-06,,
5536,North America,Clothing,2017-07,11.0,3811.04
5537,North America,Clothing,2017-08,18.0,8689.86
5538,North America,Clothing,2017-09,16.0,7127.55
5539,North America,Clothing,2017-10,11.0,5381.58
5540,North America,Clothing,2017-12,9.0,2190.4399999999996
5541,North America,Clothing,2018-01,8.0,4536.24
5542,North America,Clothing,2018-02,1.0,180.5
5543,North America,Clothing,2018-03,7.0,1164.24
5544,North America,Clothing,2018-04,1.0,897.25
5545,North America,Clothing,2018-05,32.0,12675.72
5546,North America,Clothing,2018-06,15.0,12272.099999999999
5547,North America,Clothing,2018-07,24.0,10771.17
5548,North America,Clothing,2018-08,9.0,825.84
5549,North America,Clothing,2018-09,3.0,2047.86
5550,North America,Clothing,2018-10,,
5551,North America,Clothing,2018-11,40.0,26315.489999999998
5552,North America,Clothing,2018-12,13.0,5699.2
5553,North America,Clothing,2019-01,,
5554,North America,Clothing,2019-02,3.0,238.14
5555,North America,Clothing,2019-03,17.0,10557.720000000001
5556,North America,Clothing,2019-04,,
5557,North America,Clothing,2019-05,,
5558,North America,Clothing,2019-06,17.0,7390.6
5559,North America,Clothing,2019-07,9.0,4567.1
5560,North America,Clothing,2019-08,,
5561,North America,Clothing,2019-09,4.0,2289.78
5562,North America,Clothing,2019-10,,
5563,North America,Clothing,2019-12,23.0,5372.13
5564,North America,Clothing,2020-01,6.0,1977.18
5565,North America,Clothing,2020-02,24.0,13793.18
5566,North America,Clothing,2020-03,2.0,76.0
5567,North America,Clothing,2020-04,15.0,9181.98
5568,North America,Clothing,2020-05,15.0,6396.18
5569,North America,Clothing,2020-06,10.0,4450.68
5570,North America,Clothing,2020-07,2.0,1662.5
5571,North America,Clothing,2020-08,13.0,7206.879999999999
5572,North America,Clothing,2020-09,20.0,7893.32
5573,North America,Clothing,2020-10,4.0,1447.6799999999998
5574,North America,Clothing,2020-11,20.0,6775.08
5575,North America,Clothing,2020-12,14.0,4014.0
5576,North America,Clothing,2016-07,7.0,4508.5599999999995
5577,North America,Clothing,2016-08,23.0,4357.5599999999995
5578,North America,Clothing,2017-11,10.0,5402.7
5579,North America,Clothing,2019-11,14.0,9139.28
5580,North America,Computers,2016-01,23.0,7990.96
5581,North America,Computers,2016-02,10.0,6587.91
5582,North America,Computers,2016-03,27.0,13917.09
5583,North America,Computers,2016-04,2.0,1714.56
5584,North America,Computers,2016-05,8.0,4118.0
5585,North America,Computers,2016-06,4.0,2432.48
5586,North America,Computers,2016-09,5.0,3307.85
5587,North America,Computers,2016-10,4.0,2182.62
5588,North America,Computers,2016-11,10.0,1494.0
5589,North America,Computers,2016-12,21.0,10236.1
5590,North America,Computers,2017-01,,
5591,North America,Computers,2017-02,2.0,1031.7
5592,North America,Computers,2017-03,7.0,2840.04
5593,North America,Computers,2017-04,19.0,13465.2
5594,North America,Computers,2017-05,1.0,312.8
5595,North America,Computers,2017-06,16.0,7525.53
5596,North America,Computers,2017-07,10.0,4618.8
5597,North America,Computers,2017-08,5.0,153.45
5598,North America,Computers,2017-09,20.0,10883.36
5599,North America,Computers,2017-10,12.0,8035.52
5600,North America,Computers,2017-12,,
5601,North America,Computers,2018-01,6.0,5256.72
5602,North America,Computers,2018-02,13.0,8444.52
5603,North America,Computers,2018-03,22.0,6459.0
5604,North America,Computers,2018-04,28.0,10772.58
5605,North America,Computers,2018-05,8.0,495.0
5606,North America,Computers,2018-06,,
5607,North America,Computers,2018-07,28.0,17175.89
5608,North America,Computers,2018-08,10.0,7019.76
5609,North America,Computers,2018-09,,
5610,North America,Computers,2018-10,20.0,11127.8
5611,North America,Computers,2018-11,,
5612,North America,Computers,2018-12,25.0,6868.92
5613,North America,Computers,2019-01,7.0,5998.299999999999
5614,North America,Computers,2019-02,8.0,3679.2299999999996
5615,North America,Computers,2019-03,19.0,7422.99
5616,North America,Computers,2019-04,13.0,6086.3
5617,North America,Computers,2019-05,12.0,2056.5
5618,North America,Computers,2019-06,19.0,13248.77
5619,North America,Computers,2019-07,6.0,1233.96
5620,North America,Computers,2019-08,8.0,4792.32
5621,North America,Computers,2019-09,,
5622,North America,Computers,2019-10,8.0,4807.4
5623,North America,Computers,2019-12,,
5624,North America,Computers,2020-01,,
5625,North America,Computers,2020-02,12.0,6661.11
5626,North America,Computers,2020-03,14.0,11123.6
5627,North America,Computers,2020-04,16.0,5358.24
5628,North America,Computers,2020-05,15.0,6344.4
5629,North America,Computers,2020-06,10.0,4228.2
5630,North America,Computers,2020-07,,
5631,North America,Computers,2020-08,22.0,10611.78
5632,North America,Computers,2020-09,,
5633,North America,Computers,2020-10,5.0,1910.3999999999999
5634,North America,Computers,2020-11,24.0,12338.03
5635,North America,Computers,2020-12,2.0,904.5799999999999
5636,North America,Computers,2016-07,14.0,7782.48
5637,North America,Computers,2016-08,15.0,3027.02
5638,North America,Computers,2017-11,1.0,367.5
5639,North America,Computers,2019-11,6.0,3592.8
5640,North America,Electronics,2016-01,18.0,5350.04
5641,North America,Electronics,2016-02,26.0,9165.32
5642,North America,Electronics,2016-03,22.0,13722.93
5643,North America,Electronics,2016-04,1.0,639.9399999999999
5644,North America,Electronics,2016-05,23.0,13300.7
5645,North America,Electronics,2016-06,5.0,2788.7999999999997
5646,North America,Electronics,2016-09,7.0,5741.82
5647,North America,Electronics,2016-10,2.0,684.48
5648,North America,Electronics,2016-11,10.0,8663.2
5649,North America,Electronics,2016-12,,
5650,North America,Electronics,2017-01,15.0,5353.2
5651,North America,Electronics,2017-02,6.0,3069.1200000000003
5652,North America,Electronics,2017-03,17.0,5000.0
5653,North America,Electronics,2017-04,5.0,1944.85
5654,North America,Electronics,2017-05,9.0,6406.29
5655,North America,Electronics,2017-06,4.0,3237.8599999999997
5656,North America,Electronics,2017-07,1.0,675.22
5657,North America,Electronics,2017-08,,
5658,North America,Electronics,2017-09,19.0,10642.2
5659,North America,Electronics,2017-10,26.0,14077.5
5660,North America,Electronics,2017-12,5.0,1959.3999999999999
5661,North America,Electronics,2018-01,15.0,9120.66
5662,North America,Electronics,2018-02,8.0,5559.84
5663,North America,Electronics,2018-03,12.0,4123.799999999999
5664,North America,Electronics,2018-04,9.0,3052.35
5665,North America,Electronics,2018-05,19.0,9601.48
5666,North America,Electronics,2018-06,19.0,11390.42
5667,North America,Electronics,2018-07,6.0,4017.14
5668,North America,Electronics,2018-08,10.0,6435.599999999999
5669,North America,Electronics,2018-09,,
5670,North America,Electronics,2018-10,6.0,1875.6
5671,North America,Electronics,2018-11,19.0,5397.070000000001
5672,North America,Electronics,2018-12,18.0,11633.98
5673,North America,Electronics,2019-01,,
5674,North America,Electronics,2019-02,1.0,15.47
5675,North America,Electronics,2019-03,4.0,3265.08
5676,North America,Electronics,2019-04,10.0,4950.400000000001
5677,North America,Electronics,2019-05,14.0,6128.32
5678,North America,Electronics,2019-06,21.0,7521.0
5679,North America,Electronics,2019-07,19.0,12103.68
5680,North America,Electronics,2019-08,10.0,4165.08
5681,North America,Electronics,2019-09,,
5682,North America,Electronics,2019-10,8.0,2475.2000000000003
5683,North America,Electronics,2019-12,16.0,7989.079999999999
5684,North America,Electronics,2020-01,14.0,2198.7
5685,North America,Electronics,2020-02,7.0,6211.5199999999995
5686,North America,Electronics,2020-03,23.0,12347.4
5687,North America,Electronics,2020-04,,
5688,North America,Electronics,2020-05,6.0,2113.66
5689,North America,Electronics,2020-06,18.0,4488.12
5690,North America,Electronics,2020-07,46.0,19587.41
5691,North America,Electronics,2020-08,18.0,8382.76
5692,North America,Electronics,2020-09,11.0,4870.5
5693,North America,Electronics,2020-10,,
5694,North America,Electronics,2020-11,1.0,684.8199999999999
5695,North America,Electronics,2020-12,12.0,2661.7
5696,North America,Electronics,2016-07,8.0,939.12
5697,North America,Electronics,2016-08,9.0,585.55
5698,North America,Electronics,2017-11,10.0,8582.199999999999
5699,North America,Electronics,2019-11,,
5700,North America,Games,2016-01,24.0,18950.84
5701,North America,Games,2016-02,1.0,95.94999999999999
5702,North America,Games,2016-03,14.0,10911.84
5703,North America,Games,2016-04,1.0,725.4
5704,North America,Games,2016-05,,
5705,North America,Games,2016-06,14.0,5030.77
5706,North America,Games,2016-09,,
5707,North America,Games,2016-10,1.0,832.65
5708,North America,Games,2016-11,18.0,15286.999999999998
5709,North America,Games,2016-12,3.0,1606.3200000000002
5710,North America,Games,2017-01,19.0,4923.0
5711,North America,Games,2017-02,45.0,20978.879999999997
5712,North America,Games,2017-03,11.0,4829.12
5713,North America,Games,2017-04,,
5714,North America,Games,2017-05,2.0,1450.3999999999999
5715,North America,Games,2017-06,4.0,756.1999999999999
5716,North America,Games,2017-07,14.0,7948.52
5717,North America,Games,2017-08,25.0,6332.5599999999995
5718,North America,Games,2017-09,11.0,7075.7
5719,North America,Games,2017-10,16.0,6670.4400000000005
5720,North America,Games,2017-12,7.0,4035.24
5721,North America,Games,2018-01,7.0,4437.08
5722,North America,Games,2018-02,14.0,6724.719999999999
5723,North America,Games,2018-03,3.0,905.2199999999999
5724,North America,Games,2018-04,19.0,13264.97
5725,North America,Games,2018-05,1.0,43.199999999999996
5726,North America,Games,2018-06,13.0,6978.58
5727,North America,Games,2018-07,17.0,6521.1900000000005
5728,North America,Games,2018-08,8.0,6219.839999999999
5729,North America,Games,2018-09,29.0,13449.44
5730,North America,Games,2018-10,4.0,446.40000000000003
5731,North America,Games,2018-11,10.0,6081.9
5732,North America,Games,2018-12,9.0,3585.0
5733,North America,Games,2019-01,20.0,16921.92
5734,North America,Games,2019-02,18.0,5970.17
5735,North America,Games,2019-03,14.0,7825.5599999999995
5736,North America,Games,2019-04,24.0,14168.659999999998
5737,North America,Games,2019-05,10.0,5296.2
5738,North America,Games,2019-06,6.0,3608.7799999999997
5739,North America,Games,2019-07,7.0,3551.6000000000004
5740,North America,Games,2019-08,8.0,5655.650000000001
5741,North America,Games,2019-09,21.0,12302.61
5742,North America,Games,2019-10,21.0,10566.2
5743,North America,Games,2019-12,,
5744,North America,Games,2020-01,7.0,2273.8199999999997
5745,North America,Games,2020-02,14.0,5052.4
5746,North America,Games,2020-03,,
5747,North America,Games,2020-04,17.0,5361.92
5748,North America,Games,2020-05,8.0,2637.6
5749,North America,Games,2020-06,27.0,13330.34
5750,North America,Games,2020-07,13.0,2065.84
5751,North America,Games,2020-08,31.0,13106.41
5752,North America,Games,2020-09,2.0,393.59999999999997
5753,North America,Games,2020-10,10.0,2269.7999999999997
5754,North America,Games,2020-11,2.0,1845.12
5755,North America,Games,2020-12,,
5756,North America,Games,2016-07,16.0,7260.48
5757,North America,Games,2016-08,2.0,342.54
5758,North America,Games,2017-11,8.0,3447.34
5759,North America,Games,2019-11,9.0,3250.01
5760,North America,Garden,2016-01,19.0,2297.88
5761,North America,Garden,2016-02,,
5762,North America,Garden,2016-03,10.0,3960.0
5763,North America,Garden,2016-04,,
5764,North America,Garden,2016-05,25.0,4493.76
5765,North America,Garden,2016-06,8.0,5540.5199999999995
5766,North America,Garden,2016-09,,
5767,North America,Garden,2016-10,12.0,4016.5199999999995
5768,North America,Garden,2016-11,5.0,2785.35
5769,North America,Garden,2016-12,15.0,9046.68
5770,North America,Garden,2017-01,10.0,3177.2
5771,North America,Garden,2017-02,21.0,10983.18
5772,North America,Garden,2017-03,15.0,5294.7
5773,North America,Garden,2017-04,7.0,5809.4400000000005
5774,North America,Garden,2017-05,9.0,3069.45
5775,North America,Garden,2017-06,19.0,6699.0
5776,North America,Garden,2017-07,22.0,7977.58
5777,North America,Garden,2017-08,25.0,5958.12
5778,North America,Garden,2017-09,24.0,14168.919999999998
5779,North America,Garden,2017-10,27.0,16341.48
5780,North America,Garden,2017-12,15.0,3762.06
5781,North America,Garden,2018-01,16.0,3453.4399999999996
5782,North America,Garden,2018-02,,
5783,North America,Garden,2018-03,,
5784,North America,Garden,2018-04,3.0,965.3399999999999
5785,North America,Garden,2018-05,13.0,7703.150000000001
5786,North America,Garden,2018-06,17.0,12867.2
5787,North America,Garden,2018-07,,
5788,North America,Garden,2018-08,11.0,3724.86
5789,North America,Garden,2018-09,13.0,6194.5599999999995
5790,North America,Garden,2018-10,4.0,786.24
5791,North America,Garden,2018-11,8.0,456.0
5792,North America,Garden,2018-12,10.0,4149.2
5793,North America,Garden,2019-01,35.0,22090.5
5794,North America,Garden,2019-02,5.0,1600.59
5795,North America,Garden,2019-03,42.0,12910.95
5796,North America,Garden,2019-04,,
5797,North America,Garden,2019-05,7.0,2446.29
5798,North America,Garden,2019-06,3.0,931.1999999999999
5799,North America,Garden,2019-07,6.0,1583.9899999999998
5800,North America,Garden,2019-08,8.0,716.8
5801,North America,Garden,2019-09,29.0,13534.06
5802,North America,Garden,2019-10,3.0,1752.3
5803,North America,Garden,2019-12,9.0,7814.7
5804,North America,Garden,2020-01,18.0,8577.72
5805,North America,Garden,2020-02,17.0,10472.14
5806,North America,Garden,2020-03,20.0,8911.44
5807,North America,Garden,2020-04,2.0,379.44
5808,North America,Garden,2020-05,27.0,21278.96
5809,North America,Garden,2020-06,9.0,5632.44
5810,North America,Garden,2020-07,6.0,1506.96
5811,North America,Garden,2020-08,8.0,905.2800000000001
5812,North America,Garden,2020-09,,
5813,North America,Garden,2020-10,10.0,4158.0
5814,North America,Garden,2020-11,,
5815,North America,Garden,2020-12,2.0,478.79999999999995
5816,North America,Garden,2016-07,11.0,963.0
5817,North America,Garden,2016-08,9.0,4176.9
5818,North America,Garden,2017-11,5.0,3397.5
5819,North America,Garden,2019-11,16.0,5809.5199999999995
5820,North America,Grocery,2016-01,22.0,9812.43
5821,North America,Grocery,2016-02,16.0,11627.98
5822,North America,Grocery,2016-03,9.0,5497.47
5823,North America,Grocery,2016-04,1.0,332.76
5824,North America,Grocery,2016-05,9.0,2782.08
5825,North America,Grocery,2016-06,,
5826,North America,Grocery,2016-09,15.0,5817.69
5827,North America,Grocery,2016-10,10.0,621.0
5828,North America,Grocery,2016-11,4.0,3180.6
5829,North America,Grocery,2016-12,6.0,2448.36
5830,North America,Grocery,2017-01,15.0,8564.9
5831,North America,Grocery,2017-02,7.0,1067.76
5832,North America,Grocery,2017-03,17.0,7219.17
5833,North America,Grocery,2017-04,26.0,4475.280000000001
5834,North America,Grocery,2017-05,9.0,6889.08
5835,North America,Grocery,2017-06,19.0,6384.539999999999
5836,North America,Grocery,2017-07,8.0,2002.0
5837,North America,Grocery,2017-08,,
5838,North America,Grocery,2017-09,20.0,9421.619999999999
5839,North America,Grocery,2017-10,3.0,431.88
5840,North America,Grocery,2017-12,23.0,8893.66
5841,North America,Grocery,2018-01,1.0,942.48
5842,North America,Grocery,2018-02,,
5843,North America,Grocery,2018-03,13.0,7787.48
5844,North America,Grocery,2018-04,33.0,13053.26
5845,North America,Grocery,2018-05,,
5846,North America,Grocery,2018-06,9.0,2649.6
5847,North America,Grocery,2018-07,,
5848,North America,Grocery,2018-08,20.0,9690.34
5849,North America,Grocery,2018-09,9.0,1417.5
5850,North America,Grocery,2018-10,6.0,3474.24
5851,North America,Grocery,2018-11,3.0,1272.24
5852,North America,Grocery,2018-12,12.0,3626.42
5853,North America,Grocery,2019-01,5.0,1390.35
5854,North America,Grocery,2019-02,,
5855,North America,Grocery,2019-03,19.0,5984.84
5856,North America,Grocery,2019-04,9.0,3026.7
5857,North America,Grocery,2019-05,8.0,2919.28
5858,North America,Grocery,2019-06,7.0,2979.2
5859,North America,Grocery,2019-07,4.0,2288.88
5860,North America,Grocery,2019-08,12.0,4394.86
5861,North America,Grocery,2019-09,14.0,2744.34
5862,North America,Grocery,2019-10,4.0,2358.88
5863,North America,Grocery,2019-12,1.0,805.38
5864,North America,Grocery,2020-01,19.0,4819.0599999999995
5865,North America,Grocery,2020-02,32.0,18256.559999999998
5866,North America,Grocery,2020-03,,
5867,North America,Grocery,2020-04,8.0,1297.9199999999998
5868,North America,Grocery,2020-05,6.0,2393.8199999999997
5869,North America,Grocery,2020-06,13.0,6690.139999999999
5870,North America,Grocery,2020-07,21.0,7479.46
5871,North America,Grocery,2020-08,13.0,7186.619999999999
5872,North America,Grocery,2020-09,22.0,9192.3
5873,North America,Grocery,2020-10,15.0,3569.9999999999995
5874,North America,Grocery,2020-11,12.0,7387.94
5875,North America,Grocery,2020-12,2.0,150.48
5876,North America,Grocery,2016-07,13.0,4752.08
5877,North America,Grocery,2016-08,,
5878,North America,Grocery,2017-11,10.0,4088.4399999999996
5879,North America,Grocery,2019-11,10.0,6678.0
5880,North America,Health,2016-01,8.0,3466.72
5881,North America,Health,2016-02,,
5882,North America,Health,2016-03,2.0,1268.52
5883,North America,Health,2016-04,3.0,2126.2799999999997
5884,North America,Health,2016-05,20.0,4999.96
5885,North America,Health,2016-06,23.0,13028.9
5886,North America,Health,2016-09,16.0,7974.67
5887,North America,Health,2016-10,7.0,4634.98
5888,North America,Health,2016-11,13.0,8303.460000000001
5889,North America,Health,2016-12,27.0,18735.88
5890,North America,Health,2017-01,2.0,1302.72
5891,North America,Health,2017-02,6.0,5686.139999999999
5892,North America,Health,2017-03,23.0,8559.18
5893,North America,Health,2017-04,3.0,892.71
5894,North America,Health,2017-05,19.0,15767.5
5895,North America,Health,2017-06,1.0,771.74
5896,North America,Health,2017-07,7.0,4461.03
5897,North America,Health,2017-08,8.0,1246.56
5898,North America,Health,2017-09,5.0,3319.1399999999994
5899,North America,Health,2017-10,2.0,63.36
5900,North America,Health,2017-12,,
5901,North America,Health,2018-01,11.0,7242.839999999999
5902,North America,Health,2018-02,4.0,701.96
5903,North America,Health,2018-03,8.0,4869.12
5904,North America,Health,2018-04,15.0,1624.4
5905,North America,Health,2018-05,3.0,1831.74
5906,North America,Health,2018-06,7.0,5658.24
5907,North America,Health,2018-07,12.0,3465.66
5908,North America,Health,2018-08,25.0,8670.460000000001
5909,North America,Health,2018-09,8.0,4625.08
5910,North America,Health,2018-10,18.0,9721.039999999999
5911,North America,Health,2018-11,5.0,1232.25
5912,North America,Health,2018-12,4.0,422.24
5913,North America,Health,2019-01,,
5914,North America,Health,2019-02,34.0,14936.42
5915,North America,Health,2019-03,9.0,5873.23
5916,North America,Health,2019-04,7.0,535.08
5917,North America,Health,2019-05,31.0,10504.18
5918,North America,Health,2019-06,10.0,9770.6
5919,North America,Health,2019-07,22.0,5192.2699999999995
5920,North America,Health,2019-08,19.0,7994.42
5921,North America,Health,2019-09,28.0,14102.71
5922,North America,Health,2019-10,,
5923,North America,Health,2019-12,13.0,5495.9400000000005
5924,North America,Health,2020-01,16.0,8550.34
5925,North America,Health,2020-02,8.0,4942.08
5926,North America,Health,2020-03,8.0,541.4399999999999
5927,North America,Health,2020-04,10.0,7982.0
5928,North America,Health,2020-05,10.0,7731.9
5929,North America,Health,2020-06,11.0,5143.54
5930,North America,Health,2020-07,1.0,254.14
5931,North America,Health,2020-08,7.0,4086.18
5932,North America,Health,2020-09,2.0,1399.86
5933,North America,Health,2020-10,3.0,368.28
5934,North America,Health,2020-11,25.0,10839.599999999999
5935,North America,Health,2020-12,7.0,1415.5
5936,North America,Health,2016-07,1.0,485.46
5937,North America,Health,2016-08,17.0,8638.02
5938,North America,Health,2017-11,5.0,2870.4
5939,North America,Health,2019-11,12.0,5219.28
5940,North America,Home,2016-01,,
5941,North America,Home,2016-02,,
5942,North America,Home,2016-03,14.0,9040.24
5943,North America,Home,2016-04,27.0,14711.6
5944,North America,Home,2016-05,,
5945,North America,Home,2016-06,14.0,5186.639999999999
5946,North America,Home,2016-09,12.0,5341.700000000001
5947,North America,Home,2016-10,12.0,4947.6
5948,North America,Home,2016-11,8.0,1881.6
5949,North America,Home,2016-12,5.0,3530.7999999999997
5950,North America,Home,2017-01,18.0,8250.119999999999
5951,North America,Home,2017-02,8.0,6362.200000000001
5952,North America,Home,2017-03,10.0,4085.7999999999997
5953,North America,Home,2017-04,,
5954,North America,Home,2017-05,9.0,2698.92
5955,North America,Home,2017-06,12.0,10255.38
5956,North America,Home,2017-07,,
5957,North America,Home,2017-08,5.0,4049.5
5958,North America,Home,2017-09,14.0,10527.58
5959,North America,Home,2017-10,10.0,3643.2
5960,North America,Home,2017-12,19.0,14843.98
5961,North America,Home,2018-01,18.0,8924.560000000001
5962,North America,Home,2018-02,,
5963,North America,Home,2018-03,9.0,7791.66
5964,North America,Home,2018-04,15.0,2386.18
5965,North America,Home,2018-05,4.0,2515.44
5966,North America,Home,2018-06,11.0,4208.95
5967,North America,Home,2018-07,21.0,17174.879999999997
5968,North America,Home,2018-08,22.0,10344.7
5969,North America,Home,2018-09,12.0,3844.4
5970,North America,Home,2018-10,15.0,5876.86
5971,North America,Home,2018-11,10.0,4011.45
5972,North America,Home,2018-12,11.0,1238.2
5973,North America,Home,2019-01,6.0,4388.400000000001
5974,North America,Home,2019-02,1.0,485.03999999999996
5975,North America,Home,2019-03,4.0,2491.2000000000003
5976,North America,Home,2019-04,14.0,11690.14
5977,North America,Home,2019-05,,
5978,North America,Home,2019-06,,
5979,North America,Home,2019-07,17.0,3778.2000000000003
5980,North America,Home,2019-08,10.0,6918.8
5981,North America,Home,2019-09,2.0,1714.44
5982,North America,Home,2019-10,3.0,2001.0
5983,North America,Home,2019-12,40.0,22774.64
5984,North America,Home,2020-01,,
5985,North America,Home,2020-02,7.0,5811.72
5986,North America,Home,2020-03,22.0,14964.4
5987,North America,Home,2020-04,7.0,5731.11
5988,North America,Home,2020-05,,
5989,North America,Home,2020-06,,
5990,North America,Home,2020-07,7.0,4958.1
5991,North America,Home,2020-08,22.0,16571.8
5992,North America,Home,2020-09,9.0,2845.98
5993,North America,Home,2020-10,,
5994,North America,Home,2020-11,,
5995,North America,Home,2020-12,11.0,3201.09
5996,North America,Home,2016-07,18.0,14066.310000000001
5997,North America,Home,2016-08,32.0,12314.52
5998,North America,Home,2017-11,6.0,3542.4
5999,North America,Home,2019-11,13.0,8158.41
6000,North America,Industrial,2016-01,4.0,3055.2
6001,North America,Industrial,2016-02,23.0,11351.2
6002,North America,Industrial,2016-03,17.0,10128.359999999999
6003,North America,Industrial,2016-04,8.0,4446.0
6004,North America,Industrial,2016-05,9.0,6276.240000000001
6005,North America,Industrial,2016-06,11.0,2696.76
6006,North America,Industrial,2016-09,18.0,6430.84
6007,North America,Industrial,2016-10,14.0,6085.800000000001
6008,North America,Industrial,2016-11,9.0,2401.2000000000003
6009,North America,Industrial,2016-12,35.0,15165.9
6010,North America,Industrial,2017-01,6.0,4611.3
6011,North America,Industrial,2017-02,5.0,1054.08
6012,North America,Industrial,2017-03,8.0,7487.2
6013,North America,Industrial,2017-04,10.0,5814.0
6014,North America,Industrial,2017-05,1.0,528.1999999999999
6015,North America,Industrial,2017-06,9.0,3528.0
6016,North America,Industrial,2017-07,12.0,6409.259999999999
6017,North America,Industrial,2017-08,18.0,11315.7
6018,North America,Industrial,2017-09,4.0,3512.3199999999997
6019,North America,Industrial,2017-10,8.0,3035.52
6020,North America,Industrial,2017-12,5.0,1338.6000000000001
6021,North America,Industrial,2018-01,30.0,19085.199999999997
6022,North America,Industrial,2018-02,17.0,7018.06
6023,North America,Industrial,2018-03,2.0,1814.96
6024,North America,Industrial,2018-04,12.0,9692.46
6025,North America,Industrial,2018-05,17.0,6483.15
6026,North America,Industrial,2018-06,8.0,3325.68
6027,North America,Industrial,2018-07,9.0,8242.89
6028,North America,Industrial,2018-08,7.0,3633.89
6029,North America,Industrial,2018-09,,
6030,North America,Industrial,2018-10,10.0,7942.2
6031,North America,Industrial,2018-11,22.0,8039.25
6032,North America,Industrial,2018-12,22.0,14792.279999999999
6033,North America,Industrial,2019-01,,
6034,North America,Industrial,2019-02,6.0,5742.719999999999
6035,North America,Industrial,2019-03,6.0,124.74
6036,North America,Industrial,2019-04,9.0,3448.17
6037,North America,Industrial,2019-05,9.0,968.76
6038,North America,Industrial,2019-06,21.0,9006.2
6039,North America,Industrial,2019-07,39.0,19600.43
6040,North America,Industrial,2019-08,7.0,299.79
6041,North America,Industrial,2019-09,13.0,7309.530000000001
6042,North America,Industrial,2019-10,,
6043,North America,Industrial,2019-12,7.0,1300.16
6044,North America,Industrial,2020-01,8.0,5889.84
6045,North America,Industrial,2020-02,33.0,20341.68
6046,North America,Industrial,2020-03,11.0,6899.360000000001
6047,North America,Industrial,2020-04,21.0,10447.220000000001
6048,North America,Industrial,2020-05,33.0,9269.11
6049,North America,Industrial,2020-06,,
6050,North America,Industrial,2020-07,11.0,2282.82
6051,North America,Industrial,2020-08,5.0,34.56
6052,North America,Industrial,2020-09,2.0,552.9
6053,North America,Industrial,2020-10,7.0,2008.98
6054,North America,Industrial,2020-11,,
6055,North America,Industrial,2020-12,2.0,288.88
6056,North America,Industrial,2016-07,14.0,6404.08
6057,North America,Industrial,2016-08,13.0,4814.47
6058,North America,Industrial,2017-11,14.0,5237.2
6059,North America,Industrial,2019-11,7.0,4301.22
6060,North America,Jewelery,2016-01,19.0,11728.189999999999
6061,North America,Jewelery,2016-02,7.0,706.86
6062,North America,Jewelery,2016-03,1.0,550.8000000000001
6063,North America,Jewelery,2016-04,4.0,1184.96
6064,North America,Jewelery,2016-05,7.0,4577.6
6065,North America,Jewelery,2016-06,7.0,6489.57
6066,North America,Jewelery,2016-09,17.0,15962.48
6067,North America,Jewelery,2016-10,16.0,8520.359999999999
6068,North America,Jewelery,2016-11,15.0,7838.950000000001
6069,North America,Jewelery,2016-12,42.0,21278.0
6070,North America,Jewelery,2017-01,2.0,1536.0
6071,North America,Jewelery,2017-02,7.0,3286.92
6072,North America,Jewelery,2017-03,18.0,5497.2
6073,North America,Jewelery,2017-04,1.0,591.26
6074,North America,Jewelery,2017-05,7.0,3641.4
6075,North America,Jewelery,2017-06,5.0,1660.05
6076,North America,Jewelery,2017-07,12.0,4774.83
6077,North America,Jewelery,2017-08,15.0,2788.0099999999998
6078,North America,Jewelery,2017-09,7.0,2058.0
6079,North America,Jewelery,2017-10,13.0,958.02
6080,North America,Jewelery,2017-12,28.0,5371.15
6081,North America,Jewelery,2018-01,8.0,6106.24
6082,North America,Jewelery,2018-02,1.0,31.68
6083,North America,Jewelery,2018-03,28.0,16229.839999999998
6084,North America,Jewelery,2018-04,,
6085,North America,Jewelery,2018-05,,
6086,North America,Jewelery,2018-06,20.0,9365.4
6087,North America,Jewelery,2018-07,1.0,259.7
6088,North America,Jewelery,2018-08,5.0,2833.6
6089,North America,Jewelery,2018-09,,
6090,North America,Jewelery,2018-10,6.0,638.82
6091,North America,Jewelery,2018-11,21.0,11931.61
6092,North America,Jewelery,2018-12,7.0,4186.5599999999995
6093,North America,Jewelery,2019-01,18.0,6610.2
6094,North America,Jewelery,2019-02,,
6095,North America,Jewelery,2019-03,13.0,5435.69
6096,North America,Jewelery,2019-04,4.0,1380.0
6097,North America,Jewelery,2019-05,,
6098,North America,Jewelery,2019-06,12.0,6084.400000000001
6099,North America,Jewelery,2019-07,4.0,1081.92
6100,North America,Jewelery,2019-08,13.0,5374.53
6101,North America,Jewelery,2019-09,9.0,6609.58
6102,North America,Jewelery,2019-10,16.0,11620.32
6103,North America,Jewelery,2019-12,5.0,3638.25
6104,North America,Jewelery,2020-01,,
6105,North America,Jewelery,2020-02,7.0,3540.04
6106,North America,Jewelery,2020-03,12.0,2017.44
6107,North America,Jewelery,2020-04,11.0,6805.83
6108,North America,Jewelery,2020-05,16.0,6605.26
6109,North America,Jewelery,2020-06,25.0,7464.59
6110,North America,Jewelery,2020-07,2.0,473.40000000000003
6111,North America,Jewelery,2020-08,11.0,2033.64
6112,North America,Jewelery,2020-09,16.0,9694.82
6113,North America,Jewelery,2020-10,10.0,4313.0
6114,North America,Jewelery,2020-11,6.0,1928.02
6115,North America,Jewelery,2020-12,4.0,3538.08
6116,North America,Jewelery,2016-07,14.0,7044.06
6117,North America,Jewelery,2016-08,17.0,1706.8799999999999
6118,North America,Jewelery,2017-11,16.0,6346.4
6119,North America,Jewelery,2019-11,29.0,16849.23
6120,North America,Kids,2016-01,16.0,4690.099999999999
6121,North America,Kids,2016-02,17.0,6733.7699999999995
6122,North America,Kids,2016-03,7.0,3457.44
6123,North America,Kids,2016-04,13.0,8774.96
6124,North America,Kids,2016-05,21.0,10916.4
6125,North America,Kids,2016-06,10.0,3608.23
6126,North America,Kids,2016-09,4.0,832.1999999999999
6127,North America,Kids,2016-10,10.0,2697.7999999999997
6128,North America,Kids,2016-11,,
6129,North America,Kids,2016-12,9.0,4682.58
6130,North America,Kids,2017-01,15.0,9457.41
6131,North America,Kids,2017-02,3.0,2182.68
6132,North America,Kids,2017-03,15.0,7806.51
6133,North America,Kids,2017-04,3.0,1326.2
6134,North America,Kids,2017-05,21.0,8961.84
6135,North America,Kids,2017-06,,
6136,North America,Kids,2017-07,,
6137,North America,Kids,2017-08,24.0,12761.83
6138,North America,Kids,2017-09,,
6139,North America,Kids,2017-10,1.0,573.8
6140,North America,Kids,2017-12,14.0,5994.9
6141,North America,Kids,2018-01,20.0,7171.08
6142,North America,Kids,2018-02,17.0,9659.4
6143,North America,Kids,2018-03,17.0,7857.07
6144,North America,Kids,2018-04,,
6145,North America,Kids,2018-05,7.0,5796.57
6146,North America,Kids,2018-06,,
6147,North America,Kids,2018-07,10.0,7166.8
6148,North America,Kids,2018-08,19.0,4525.29
6149,North America,Kids,2018-09,3.0,518.7
6150,North America,Kids,2018-10,22.0,5881.44
6151,North America,Kids,2018-11,19.0,9977.13
6152,North America,Kids,2018-12,7.0,3694.65
6153,North America,Kids,2019-01,15.0,2172.34
6154,North America,Kids,2019-02,,
6155,North America,Kids,2019-03,22.0,8866.69
6156,North America,Kids,2019-04,6.0,5128.08
6157,North America,Kids,2019-05,11.0,8000.82
6158,North America,Kids,2019-06,,
6159,North America,Kids,2019-07,4.0,3593.52
6160,North America,Kids,2019-08,19.0,6458.76
6161,North America,Kids,2019-09,15.0,7872.82
6162,North America,Kids,2019-10,4.0,2138.4
6163,North America,Kids,2019-12,9.0,5261.88
6164,North America,Kids,2020-01,4.0,2413.0
6165,North America,Kids,2020-02,,
6166,North America,Kids,2020-03,,
6167,North America,Kids,2020-04,2.0,185.84
6168,North America,Kids,2020-05,,
6169,North America,Kids,2020-06,6.0,1733.2800000000002
6170,North America,Kids,2020-07,10.0,6480.0
6171,North America,Kids,2020-08,8.0,2879.28
6172,North America,Kids,2020-09,19.0,10597.18
6173,North America,Kids,2020-10,,
6174,North America,Kids,2020-11,20.0,12129.32
6175,North America,Kids,2020-12,15.0,8106.66
6176,North America,Kids,2016-07,18.0,13032.84
6177,North America,Kids,2016-08,25.0,11032.18
6178,North America,Kids,2017-11,21.0,11753.96
6179,North America,Kids,2019-11,26.0,15755.82
6180,North America,Movies,2016-01,10.0,6625.099999999999
6181,North America,Movies,2016-02,21.0,12271.98
6182,North America,Movies,2016-03,10.0,6193.65
6183,North America,Movies,2016-04,22.0,6619.15
6184,North America,Movies,2016-05,21.0,10940.07
6185,North America,Movies,2016-06,1.0,6.44
6186,North America,Movies,2016-09,3.0,1125.1799999999998
6187,North America,Movies,2016-10,7.0,3484.88
6188,North America,Movies,2016-11,15.0,2794.3199999999997
6189,North America,Movies,2016-12,2.0,697.5
6190,North America,Movies,2017-01,28.0,16101.44
6191,North America,Movies,2017-02,,
6192,North America,Movies,2017-03,15.0,7545.43
6193,North America,Movies,2017-04,9.0,4617.0
6194,North America,Movies,2017-05,,
6195,North America,Movies,2017-06,,
6196,North America,Movies,2017-07,7.0,3645.6
6197,North America,Movies,2017-08,13.0,9357.32
6198,North America,Movies,2017-09,2.0,887.4
6199,North America,Movies,2017-10,3.0,2432.8799999999997
6200,North America,Movies,2017-12,,
6201,North America,Movies,2018-01,4.0,391.88
6202,North America,Movies,2018-02,15.0,5519.449999999999
6203,North America,Movies,2018-03,12.0,4889.59
6204,North America,Movies,2018-04,13.0,1055.8799999999999
6205,North America,Movies,2018-05,14.0,6858.639999999999
6206,North America,Movies,2018-06,2.0,1296.75
6207,North America,Movies,2018-07,,
6208,North America,Movies,2018-08,11.0,6029.52
6209,North America,Movies,2018-09,,
6210,North America,Movies,2018-10,6.0,2646.0
6211,North America,Movies,2018-11,7.0,5917.7300000000005
6212,North America,Movies,2018-12,,
6213,North America,Movies,2019-01,12.0,3863.44
6214,North America,Movies,2019-02,22.0,9659.470000000001
6215,North America,Movies,2019-03,9.0,3305.22
6216,North America,Movies,2019-04,18.0,3716.24
6217,North America,Movies,2019-05,12.0,2091.69
6218,North America,Movies,2019-06,14.0,6390.0199999999995
6219,North America,Movies,2019-07,7.0,3055.92
6220,North America,Movies,2019-08,4.0,3041.92
6221,North America,Movies,2019-09,25.0,7751.160000000001
6222,North America,Movies,2019-10,10.0,81.0
6223,North America,Movies,2019-12,8.0,5916.719999999999
6224,North America,Movies,2020-01,14.0,2100.44
6225,North America,Movies,2020-02,7.0,6451.41
6226,North America,Movies,2020-03,3.0,235.70999999999998
6227,North America,Movies,2020-04,2.0,1256.32
6228,North America,Movies,2020-05,3.0,2260.44
6229,North America,Movies,2020-06,22.0,12190.560000000001
6230,North America,Movies,2020-07,11.0,6307.5
6231,North America,Movies,2020-08,5.0,1381.05
6232,North America,Movies,2020-09,19.0,11500.99
6233,North America,Movies,2020-10,12.0,5996.85
6234,North America,Movies,2020-11,,
6235,North America,Movies,2020-12,13.0,9045.56
6236,North America,Movies,2016-07,9.0,316.34999999999997
6237,North America,Movies,2016-08,,
6238,North America,Movies,2017-11,,
6239,North America,Movies,2019-11,7.0,2590.98
6240,North America,Music,2016-01,,
6241,North America,Music,2016-02,3.0,1439.6399999999999
6242,North America,Music,2016-03,7.0,2443.12
6243,North America,Music,2016-04,9.0,6026.4
6244,North America,Music,2016-05,3.0,162.45
6245,North America,Music,2016-06,5.0,4027.2
6246,North America,Music,2016-09,7.0,2206.89
6247,North America,Music,2016-10,14.0,9892.26
6248,North America,Music,2016-11,35.0,16774.6
6249,North America,Music,2016-12,7.0,2019.29
6250,North America,Music,2017-01,25.0,13776.56
6251,North America,Music,2017-02,13.0,3146.42
6252,North America,Music,2017-03,,
6253,North America,Music,2017-04,11.0,2314.19
6254,North America,Music,2017-05,,
6255,North America,Music,2017-06,10.0,7944.3
6256,North America,Music,2017-07,,
6257,North America,Music,2017-08,20.0,17155.72
6258,North America,Music,2017-09,23.0,12407.92
6259,North America,Music,2017-10,14.0,12634.68
6260,North America,Music,2017-12,19.0,14097.57
6261,North America,Music,2018-01,14.0,5769.02
6262,North America,Music,2018-02,5.0,3172.9199999999996
6263,North America,Music,2018-03,10.0,2240.73
6264,North America,Music,2018-04,14.0,6612.6
6265,North America,Music,2018-05,23.0,12540.0
6266,North America,Music,2018-06,17.0,9597.039999999999
6267,North America,Music,2018-07,13.0,9658.3
6268,North America,Music,2018-08,14.0,2245.67
6269,North America,Music,2018-09,2.0,780.1999999999999
6270,North America,Music,2018-10,,
6271,North America,Music,2018-11,9.0,2090.88
6272,North America,Music,2018-12,,
6273,North America,Music,2019-01,8.0,3624.16
6274,North America,Music,2019-02,20.0,7007.859999999999
6275,North America,Music,2019-03,2.0,645.84
6276,North America,Music,2019-04,19.0,7153.8
6277,North America,Music,2019-05,12.0,6116.670000000001
6278,North America,Music,2019-06,13.0,8561.58
6279,North America,Music,2019-07,5.0,2038.44
6280,North America,Music,2019-08,31.0,11430.26
6281,North America,Music,2019-09,10.0,5922.96
6282,North America,Music,2019-10,26.0,7349.02
6283,North America,Music,2019-12,28.0,10966.94
6284,North America,Music,2020-01,30.0,16630.95
6285,North America,Music,2020-02,16.0,11057.76
6286,North America,Music,2020-03,21.0,9839.58
6287,North America,Music,2020-04,15.0,9944.64
6288,North America,Music,2020-05,21.0,14120.539999999999
6289,North America,Music,2020-06,11.0,5278.200000000001
6290,North America,Music,2020-07,22.0,14436.68
6291,North America,Music,2020-08,4.0,3528.36
6292,North America,Music,2020-09,15.0,5925.8
6293,North America,Music,2020-10,23.0,15761.56
6294,North America,Music,2020-11,26.0,8112.339999999999
6295,North America,Music,2020-12,19.0,7020.9400000000005
6296,North America,Music,2016-07,18.0,3536.8199999999997
6297,North America,Music,2016-08,2.0,1008.2800000000001
6298,North America,Music,2017-11,9.0,4504.68
6299,North America,Music,2019-11,7.0,2527.05
6300,North America,Outdoors,2016-01,11.0,1860.96
6301,North America,Outdoors,2016-02,2.0,1335.6000000000001
6302,North America,Outdoors,2016-03,10.0,5723.77
6303,North America,Outdoors,2016-04,11.0,4253.49
6304,North America,Outdoors,2016-05,6.0,3677.4
6305,North America,Outdoors,2016-06,24.0,12053.4
6306,North America,Outdoors,2016-09,9.0,5473.08
6307,North America,Outdoors,2016-10,15.0,8692.23
6308,North America,Outdoors,2016-11,7.0,146.29999999999998
6309,North America,Outdoors,2016-12,27.0,19079.55
6310,North America,Outdoors,2017-01,14.0,6536.379999999999
6311,North America,Outdoors,2017-02,18.0,9355.939999999999
6312,North America,Outdoors,2017-03,6.0,3451.56
6313,North America,Outdoors,2017-04,10.0,432.0
6314,North America,Outdoors,2017-05,4.0,3876.12
6315,North America,Outdoors,2017-06,4.0,1831.6799999999998
6316,North America,Outdoors,2017-07,,
6317,North America,Outdoors,2017-08,1.0,839.42
6318,North America,Outdoors,2017-09,28.0,13344.57
6319,North America,Outdoors,2017-10,19.0,4493.2
6320,North America,Outdoors,2017-12,10.0,4462.0
6321,North America,Outdoors,2018-01,11.0,6939.08
6322,North America,Outdoors,2018-02,31.0,23649.09
6323,North America,Outdoors,2018-03,,
6324,North America,Outdoors,2018-04,,
6325,North America,Outdoors,2018-05,19.0,6585.42
6326,North America,Outdoors,2018-06,,
6327,North America,Outdoors,2018-07,,
6328,North America,Outdoors,2018-08,17.0,7002.599999999999
6329,North America,Outdoors,2018-09,20.0,7944.719999999999
6330,North America,Outdoors,2018-10,13.0,5223.400000000001
6331,North America,Outdoors,2018-11,9.0,147.42000000000002
6332,North America,Outdoors,2018-12,8.0,1679.04
6333,North America,Outdoors,2019-01,6.0,2301.84
6334,North America,Outdoors,2019-02,14.0,11482.83
6335,North America,Outdoors,2019-03,8.0,225.6
6336,North America,Outdoors,2019-04,11.0,1963.6499999999999
6337,North America,Outdoors,2019-05,15.0,5124.01
6338,North America,Outdoors,2019-06,21.0,5875.08
6339,North America,Outdoors,2019-07,19.0,9152.519999999999
6340,North America,Outdoors,2019-08,,
6341,North America,Outdoors,2019-09,22.0,11676.34
6342,North America,Outdoors,2019-10,14.0,11474.52
6343,North America,Outdoors,2019-12,20.0,10492.92
6344,North America,Outdoors,2020-01,12.0,836.01
6345,North America,Outdoors,2020-02,11.0,3653.05
6346,North America,Outdoors,2020-03,2.0,870.32
6347,North America,Outdoors,2020-04,10.0,8483.93
6348,North America,Outdoors,2020-05,11.0,6853.56
6349,North America,Outdoors,2020-06,13.0,8044.349999999999
6350,North America,Outdoors,2020-07,9.0,4550.9
6351,North America,Outdoors,2020-08,11.0,6076.179999999999
6352,North America,Outdoors,2020-09,9.0,5688.360000000001
6353,North America,Outdoors,2020-10,,
6354,North America,Outdoors,2020-11,26.0,14869.11
6355,North America,Outdoors,2020-12,13.0,6585.5
6356,North America,Outdoors,2016-07,,
6357,North America,Outdoors,2016-08,14.0,8229.869999999999
6358,North America,Outdoors,2017-11,6.0,2047.92
6359,North America,Outdoors,2019-11,26.0,8218.28
6360,North America,Shoes,2016-01,,
6361,North America,Shoes,2016-02,15.0,7376.530000000001
6362,North America,Shoes,2016-03,25.0,9153.95
6363,North America,Shoes,2016-04,8.0,3103.5
6364,North America,Shoes,2016-05,15.0,8574.8
6365,North America,Shoes,2016-06,21.0,6977.879999999999
6366,North America,Shoes,2016-09,29.0,13001.24
6367,North America,Shoes,2016-10,,
6368,North America,Shoes,2016-11,8.0,2193.99
6369,North America,Shoes,2016-12,42.0,19128.579999999998
6370,North America,Shoes,2017-01,16.0,6488.18
6371,North America,Shoes,2017-02,13.0,11653.7
6372,North America,Shoes,2017-03,9.0,2618.7
6373,North America,Shoes,2017-04,21.0,6471.87
6374,North America,Shoes,2017-05,9.0,1187.61
6375,North America,Shoes,2017-06,4.0,3068.16
6376,North America,Shoes,2017-07,47.0,20960.75
6377,North America,Shoes,2017-08,18.0,6286.86
6378,North America,Shoes,2017-09,21.0,6041.58
6379,North America,Shoes,2017-10,2.0,574.0
6380,North America,Shoes,2017-12,5.0,1105.3200000000002
6381,North America,Shoes,2018-01,15.0,4895.1
6382,North America,Shoes,2018-02,6.0,4656.96
6383,North America,Shoes,2018-03,,
6384,North America,Shoes,2018-04,11.0,9061.74
6385,North America,Shoes,2018-05,3.0,655.62
6386,North America,Shoes,2018-06,,
6387,North America,Shoes,2018-07,6.0,780.72
6388,North America,Shoes,2018-08,3.0,1716.66
6389,North America,Shoes,2018-09,,
6390,North America,Shoes,2018-10,6.0,2215.2599999999998
6391,North America,Shoes,2018-11,5.0,4137.05
6392,North America,Shoes,2018-12,8.0,2585.7
6393,North America,Shoes,2019-01,,
6394,North America,Shoes,2019-02,10.0,6074.62
6395,North America,Shoes,2019-03,18.0,8868.8
6396,North America,Shoes,2019-04,4.0,2227.12
6397,North America,Shoes,2019-05,5.0,2816.8500000000004
6398,North America,Shoes,2019-06,8.0,2770.6
6399,North America,Shoes,2019-07,1.0,593.01
6400,North America,Shoes,2019-08,13.0,5734.4400000000005
6401,North America,Shoes,2019-09,12.0,6673.8
6402,North America,Shoes,2019-10,,
6403,North America,Shoes,2019-12,12.0,5922.719999999999
6404,North America,Shoes,2020-01,1.0,451.36
6405,North America,Shoes,2020-02,6.0,1173.12
6406,North America,Shoes,2020-03,4.0,3201.0
6407,North America,Shoes,2020-04,5.0,4140.0
6408,North America,Shoes,2020-05,10.0,9259.0
6409,North America,Shoes,2020-06,23.0,7888.08
6410,North America,Shoes,2020-07,1.0,765.3100000000001
6411,North America,Shoes,2020-08,20.0,10345.48
6412,North America,Shoes,2020-09,16.0,3648.6000000000004
6413,North America,Shoes,2020-10,19.0,5049.14
6414,North America,Shoes,2020-11,4.0,2490.96
6415,North America,Shoes,2020-12,,
6416,North America,Shoes,2016-07,5.0,2570.8999999999996
6417,North America,Shoes,2016-08,10.0,9346.05
6418,North America,Shoes,2017-11,2.0,1299.6000000000001
6419,North America,Shoes,2019-11,8.0,3731.1
6420,North America,Sports,2016-01,12.0,5598.12
6421,North America,Sports,2016-02,,
6422,North America,Sports,2016-03,5.0,3424.0499999999997
6423,North America,Sports,2016-04,6.0,249.48
6424,North America,Sports,2016-05,20.0,6560.219999999999
6425,North America,Sports,2016-06,,
6426,North America,Sports,2016-09,11.0,4825.32
6427,North America,Sports,2016-10,10.0,593.46
6428,North America,Sports,2016-11,5.0,23.5
6429,North America,Sports,2016-12,10.0,8778.5
6430,North America,Sports,2017-01,9.0,329.67
6431,North America,Sports,2017-02,2.0,352.44
6432,North America,Sports,2017-03,13.0,5907.88
6433,North America,Sports,2017-04,3.0,1537.3200000000002
6434,North America,Sports,2017-05,24.0,7620.719999999999
6435,North America,Sports,2017-06,,
6436,North America,Sports,2017-07,9.0,6962.58
6437,North America,Sports,2017-08,6.0,4060.6000000000004
6438,North America,Sports,2017-09,5.0,1266.35
6439,North America,Sports,2017-10,,
6440,North America,Sports,2017-12,5.0,3742.0
6441,North America,Sports,2018-01,24.0,14984.6
6442,North America,Sports,2018-02,1.0,491.28000000000003
6443,North America,Sports,2018-03,7.0,5181.96
6444,North America,Sports,2018-04,3.0,2378.97
6445,North America,Sports,2018-05,20.0,5824.4
6446,North America,Sports,2018-06,29.0,18851.699999999997
6447,North America,Sports,2018-07,22.0,12373.68
6448,North America,Sports,2018-08,3.0,2089.71
6449,North America,Sports,2018-09,10.0,5910.69
6450,North America,Sports,2018-10,,
6451,North America,Sports,2018-11,18.0,5349.42
6452,North America,Sports,2018-12,6.0,4784.400000000001
6453,North America,Sports,2019-01,26.0,9403.04
6454,North America,Sports,2019-02,4.0,3049.68
6455,North America,Sports,2019-03,16.0,5347.0599999999995
6456,North America,Sports,2019-04,16.0,7192.83
6457,North America,Sports,2019-05,1.0,764.2199999999999
6458,North America,Sports,2019-06,14.0,3796.52
6459,North America,Sports,2019-07,20.0,5748.5599999999995
6460,North America,Sports,2019-08,,
6461,North America,Sports,2019-09,5.0,2102.1
6462,North America,Sports,2019-10,5.0,632.72
6463,North America,Sports,2019-12,15.0,7209.12
6464,North America,Sports,2020-01,20.0,1778.8200000000002
6465,North America,Sports,2020-02,12.0,6276.87
6466,North America,Sports,2020-03,,
6467,North America,Sports,2020-04,16.0,7209.0599999999995
6468,North America,Sports,2020-05,29.0,5792.040000000001
6469,North America,Sports,2020-06,20.0,10626.0
6470,North America,Sports,2020-07,5.0,2518.6
6471,North America,Sports,2020-08,10.0,1639.32
6472,North America,Sports,2020-09,17.0,6863.540000000001
6473,North America,Sports,2020-10,19.0,15480.14
6474,North America,Sports,2020-11,6.0,2023.5
6475,North America,Sports,2020-12,7.0,4752.72
6476,North America,Sports,2016-07,18.0,5004.88
6477,North America,Sports,2016-08,26.0,13055.279999999999
6478,North America,Sports,2017-11,6.0,1651.6799999999998
6479,North America,Sports,2019-11,16.0,7244.5
6480,North America,Tools,2016-01,12.0,8081.48
6481,North America,Tools,2016-02,7.0,2688.8199999999997
6482,North America,Tools,2016-03,1.0,708.3000000000001
6483,North America,Tools,2016-04,9.0,5106.969999999999
6484,North America,Tools,2016-05,16.0,11030.61
6485,North America,Tools,2016-06,13.0,8184.549999999999
6486,North America,Tools,2016-09,2.0,234.78
6487,North America,Tools,2016-10,9.0,5814.900000000001
6488,North America,Tools,2016-11,4.0,2235.72
6489,North America,Tools,2016-12,,
6490,North America,Tools,2017-01,33.0,10909.83
6491,North America,Tools,2017-02,15.0,8850.56
6492,North America,Tools,2017-03,18.0,4217.86
6493,North America,Tools,2017-04,9.0,2664.43
6494,North America,Tools,2017-05,12.0,5263.46
6495,North America,Tools,2017-06,16.0,9641.02
6496,North America,Tools,2017-07,30.0,8415.82
6497,North America,Tools,2017-08,9.0,3623.97
6498,North America,Tools,2017-09,10.0,2942.2
6499,North America,Tools,2017-10,,
6500,North America,Tools,2017-12,9.0,6459.75
6501,North America,Tools,2018-01,8.0,2688.0
6502,North America,Tools,2018-02,5.0,3346.7
6503,North America,Tools,2018-03,11.0,7208.0599999999995
6504,North America,Tools,2018-04,1.0,752.64
6505,North America,Tools,2018-05,15.0,2525.98
6506,North America,Tools,2018-06,14.0,5445.58
6507,North America,Tools,2018-07,19.0,7698.99
6508,North America,Tools,2018-08,15.0,9979.16
6509,North America,Tools,2018-09,1.0,804.65
6510,North America,Tools,2018-10,,
6511,North America,Tools,2018-11,2.0,931.0400000000001
6512,North America,Tools,2018-12,14.0,2600.1
6513,North America,Tools,2019-01,7.0,2487.27
6514,North America,Tools,2019-02,,
6515,North America,Tools,2019-03,24.0,10989.16
6516,North America,Tools,2019-04,5.0,2292.21
6517,North America,Tools,2019-05,3.0,2037.0
6518,North America,Tools,2019-06,10.0,8686.199999999999
6519,North America,Tools,2019-07,1.0,650.88
6520,North America,Tools,2019-08,,
6521,North America,Tools,2019-09,6.0,1949.75
6522,North America,Tools,2019-10,2.0,868.48
6523,North America,Tools,2019-12,2.0,1822.08
6524,North America,Tools,2020-01,28.0,12089.039999999999
6525,North America,Tools,2020-02,12.0,10144.32
6526,North America,Tools,2020-03,18.0,11033.64
6527,North America,Tools,2020-04,7.0,5467.82
6528,North America,Tools,2020-05,29.0,9700.369999999999
6529,North America,Tools,2020-06,2.0,628.68
6530,North America,Tools,2020-07,5.0,1617.0
6531,North America,Tools,2020-08,17.0,9445.380000000001
6532,North America,Tools,2020-09,14.0,4703.04
6533,North America,Tools,2020-10,10.0,1989.3999999999999
6534,North America,Tools,2020-11,3.0,2571.8399999999997
6535,North America,Tools,2020-12,7.0,3294.7
6536,North America,Tools,2016-07,13.0,9022.199999999999
6537,North America,Tools,2016-08,17.0,3094.7599999999998
6538,North America,Tools,2017-11,,
6539,North America,Tools,2019-11,29.0,12201.82
6540,North America,Toys,2016-01,12.0,6441.72
6541,North America,Toys,2016-02,10.0,6651.6
6542,North America,Toys,2016-03,21.0,10854.86
6543,North America,Toys,2016-04,,
6544,North America,Toys,2016-05,19.0,3941.2999999999997
6545,North America,Toys,2016-06,11.0,7693.78
6546,North America,Toys,2016-09,,
6547,North America,Toys,2016-10,18.0,9739.44
6548,North America,Toys,2016-11,,
6549,North America,Toys,2016-12,43.0,25163.6
6550,North America,Toys,2017-01,12.0,7686.360000000001
6551,North America,Toys,2017-02,10.0,9464.4
6552,North America,Toys,2017-03,8.0,807.52
6553,North America,Toys,2017-04,5.0,2042.5
6554,North America,Toys,2017-05,21.0,8878.960000000001
6555,North America,Toys,2017-06,8.0,1528.44
6556,North America,Toys,2017-07,10.0,4449.900000000001
6557,North America,Toys,2017-08,,
6558,North America,Toys,2017-09,16.0,2710.56
6559,North America,Toys,2017-10,20.0,12342.41
6560,North America,Toys,2017-12,25.0,7641.77
6561,North America,Toys,2018-01,,
6562,North America,Toys,2018-02,33.0,15008.369999999999
6563,North America,Toys,2018-03,8.0,1373.52
6564,North America,Toys,2018-04,19.0,4433.139999999999
6565,North America,Toys,2018-05,14.0,9966.4
6566,North America,Toys,2018-06,2.0,1267.12
6567,North America,Toys,2018-07,6.0,3922.74
6568,North America,Toys,2018-08,28.0,13724.28
6569,North America,Toys,2018-09,19.0,4749.18
6570,North America,Toys,2018-10,18.0,5210.82
6571,North America,Toys,2018-11,,
6572,North America,Toys,2018-12,17.0,12279.95
6573,North America,Toys,2019-01,2.0,264.09999999999997
6574,North America,Toys,2019-02,,
6575,North America,Toys,2019-03,11.0,6114.84
6576,North America,Toys,2019-04,8.0,6000.18
6577,North America,Toys,2019-05,12.0,7474.92
6578,North America,Toys,2019-06,,
6579,North America,Toys,2019-07,4.0,2469.26
6580,North America,Toys,2019-08,7.0,5223.6
6581,North America,Toys,2019-09,2.0,649.14
6582,North America,Toys,2019-10,21.0,4564.13
6583,North America,Toys,2019-12,11.0,6727.96
6584,North America,Toys,2020-01,5.0,2976.0
6585,North America,Toys,2020-02,10.0,5204.16
6586,North America,Toys,2020-03,,
6587,North America,Toys,2020-04,6.0,3047.04
6588,North America,Toys,2020-05,,
6589,North America,Toys,2020-06,32.0,16774.75
6590,North America,Toys,2020-07,18.0,6653.879999999999
6591,North America,Toys,2020-08,10.0,8200.32
6592,North America,Toys,2020-09,9.0,8225.1
6593,North America,Toys,2020-10,22.0,6010.739999999999
6594,North America,Toys,2020-11,1.0,858.8
6595,North America,Toys,2020-12,18.0,9215.82
6596,North America,Toys,2016-07,7.0,4444.22
6597,North America,Toys,2016-08,3.0,2147.28
6598,North America,Toys,2017-11,6.0,4510.5
6599,North America,Toys,2019-11,12.0,9082.8
6600,Oceania,Automotive,2016-01,13.0,7300.75
6601,Oceania,Automotive,2016-02,15.0,5677.98
6602,Oceania,Automotive,2016-03,6.0,4902.0
6603,Oceania,Automotive,2016-04,2.0,1626.3999999999999
6604,Oceania,Automotive,2016-05,,
6605,Oceania,Automotive,2016-06,,
6606,Oceania,Automotive,2016-09,6.0,127.74
6607,Oceania,Automotive,2016-10,8.0,3697.9399999999996
6608,Oceania,Automotive,2016-11,7.0,4037.88
6609,Oceania,Automotive,2016-12,7.0,3817.8
6610,Oceania,Automotive,2017-01,6.0,917.28
6611,Oceania,Automotive,2017-02,3.0,2325.54
6612,Oceania,Automotive,2017-03,13.0,8293.5
6613,Oceania,Automotive,2017-04,8.0,4100.5599999999995
6614,Oceania,Automotive,2017-05,15.0,6781.320000000001
6615,Oceania,Automotive,2017-06,,
6616,Oceania,Automotive,2017-07,,
6617,Oceania,Automotive,2017-08,10.0,5884.650000000001
6618,Oceania,Automotive,2017-09,,
6619,Oceania,Automotive,2017-10,10.0,4171.0
6620,Oceania,Automotive,2017-12,,
6621,Oceania,Automotive,2018-01,5.0,2554.2
6622,Oceania,Automotive,2018-02,,
6623,Oceania,Automotive,2018-03,,
6624,Oceania,Automotive,2018-04,5.0,1619.8400000000001
6625,Oceania,Automotive,2018-05,23.0,8859.39
6626,Oceania,Automotive,2018-06,25.0,12728.47
6627,Oceania,Automotive,2018-07,15.0,5350.05
6628,Oceania,Automotive,2018-08,5.0,1588.95
6629,Oceania,Automotive,2018-09,9.0,1468.8
6630,Oceania,Automotive,2018-10,,
6631,Oceania,Automotive,2018-11,16.0,4120.5599999999995
6632,Oceania,Automotive,2018-12,10.0,1283.3999999999999
6633,Oceania,Automotive,2019-01,7.0,817.88
6634,Oceania,Automotive,2019-02,8.0,3984.8499999999995
6635,Oceania,Automotive,2019-03,6.0,4478.76
6636,Oceania,Automotive,2019-04,8.0,4764.45
6637,Oceania,Automotive,2019-05,12.0,1647.94
6638,Oceania,Automotive,2019-06,14.0,3546.0
6639,Oceania,Automotive,2019-07,,
6640,Oceania,Automotive,2019-08,7.0,5574.59
6641,Oceania,Automotive,2019-09,9.0,6177.0599999999995
6642,Oceania,Automotive,2019-10,12.0,1686.18
6643,Oceania,Automotive,2019-12,3.0,1212.48
6644,Oceania,Automotive,2020-01,,
6645,Oceania,Automotive,2020-02,9.0,872.64
6646,Oceania,Automotive,2020-03,13.0,5506.36
6647,Oceania,Automotive,2020-04,,
6648,Oceania,Automotive,2020-05,6.0,1886.6999999999998
6649,Oceania,Automotive,2020-06,3.0,925.6099999999999
6650,Oceania,Automotive,2020-07,11.0,4530.66
6651,Oceania,Automotive,2020-08,12.0,6656.339999999999
6652,Oceania,Automotive,2020-09,,
6653,Oceania,Automotive,2020-10,,
6654,Oceania,Automotive,2020-11,,
6655,Oceania,Automotive,2020-12,3.0,2647.65
6656,Oceania,Automotive,2016-07,3.0,122.55
6657,Oceania,Automotive,2016-08,21.0,13839.41
6658,Oceania,Automotive,2017-11,6.0,1240.68
6659,Oceania,Automotive,2019-11,16.0,8317.8
6660,Oceania,Baby,2016-01,,
6661,Oceania,Baby,2016-02,6.0,5552.639999999999
6662,Oceania,Baby,2016-03,7.0,527.31
6663,Oceania,Baby,2016-04,1.0,527.31
6664,Oceania,Baby,2016-05,,
6665,Oceania,Baby,2016-06,,
6666,Oceania,Baby,2016-09,10.0,1939.1999999999998
6667,Oceania,Baby,2016-10,10.0,9408.0
6668,Oceania,Baby,2016-11,4.0,1259.44
6669,Oceania,Baby,2016-12,10.0,7516.6
6670,Oceania,Baby,2017-01,,
6671,Oceania,Baby,2017-02,7.0,4490.64
6672,Oceania,Baby,2017-03,6.0,837.9
6673,Oceania,Baby,2017-04,,
6674,Oceania,Baby,2017-05,8.0,4558.08
6675,Oceania,Baby,2017-06,,
6676,Oceania,Baby,2017-07,,
6677,Oceania,Baby,2017-08,8.0,5650.02
6678,Oceania,Baby,2017-09,9.0,6857.28
6679,Oceania,Baby,2017-10,5.0,1966.0300000000002
6680,Oceania,Baby,2017-12,3.0,1571.58
6681,Oceania,Baby,2018-01,,
6682,Oceania,Baby,2018-02,19.0,10144.2
6683,Oceania,Baby,2018-03,3.0,78.96
6684,Oceania,Baby,2018-04,8.0,4506.32
6685,Oceania,Baby,2018-05,8.0,7495.04
6686,Oceania,Baby,2018-06,1.0,846.3000000000001
6687,Oceania,Baby,2018-07,,
6688,Oceania,Baby,2018-08,10.0,3544.2
6689,Oceania,Baby,2018-09,3.0,32.339999999999996
6690,Oceania,Baby,2018-10,9.0,2983.26
6691,Oceania,Baby,2018-11,,
6692,Oceania,Baby,2018-12,3.0,406.08
6693,Oceania,Baby,2019-01,4.0,3010.5
6694,Oceania,Baby,2019-02,3.0,1687.6799999999998
6695,Oceania,Baby,2019-03,30.0,14237.279999999999
6696,Oceania,Baby,2019-04,14.0,6519.96
6697,Oceania,Baby,2019-05,,
6698,Oceania,Baby,2019-06,18.0,6628.68
6699,Oceania,Baby,2019-07,2.0,1056.3999999999999
6700,Oceania,Baby,2019-08,6.0,4650.88
6701,Oceania,Baby,2019-09,9.0,5035.95
6702,Oceania,Baby,2019-10,,
6703,Oceania,Baby,2019-12,,
6704,Oceania,Baby,2020-01,9.0,5076.0
6705,Oceania,Baby,2020-02,8.0,1687.1899999999998
6706,Oceania,Baby,2020-03,4.0,2234.4
6707,Oceania,Baby,2020-04,,
6708,Oceania,Baby,2020-05,10.0,5977.360000000001
6709,Oceania,Baby,2020-06,,
6710,Oceania,Baby,2020-07,,
6711,Oceania,Baby,2020-08,7.0,4145.400000000001
6712,Oceania,Baby,2020-09,,
6713,Oceania,Baby,2020-10,,
6714,Oceania,Baby,2020-11,1.0,271.8
6715,Oceania,Baby,2020-12,4.0,43.2
6716,Oceania,Baby,2016-07,,
6717,Oceania,Baby,2016-08,,
6718,Oceania,Baby,2017-11,8.0,3760.6200000000003
6719,Oceania,Baby,2019-11,16.0,8361.3
6720,Oceania,Beauty,2016-01,,
6721,Oceania,Beauty,2016-02,,
6722,Oceania,Beauty,2016-03,6.0,3479.49
6723,Oceania,Beauty,2016-04,,
6724,Oceania,Beauty,2016-05,6.0,2666.88
6725,Oceania,Beauty,2016-06,9.0,7305.4800000000005
6726,Oceania,Beauty,2016-09,3.0,2192.6
6727,Oceania,Beauty,2016-10,,
6728,Oceania,Beauty,2016-11,14.0,6296.76
6729,Oceania,Beauty,2016-12,21.0,9847.550000000001
6730,Oceania,Beauty,2017-01,2.0,727.2
6731,Oceania,Beauty,2017-02,,
6732,Oceania,Beauty,2017-03,4.0,743.19
6733,Oceania,Beauty,2017-04,23.0,9289.74
6734,Oceania,Beauty,2017-05,,
6735,Oceania,Beauty,2017-06,10.0,891.8
6736,Oceania,Beauty,2017-07,11.0,7666.38
6737,Oceania,Beauty,2017-08,7.0,4268.27
6738,Oceania,Beauty,2017-09,10.0,4112.8
6739,Oceania,Beauty,2017-10,,
6740,Oceania,Beauty,2017-12,13.0,4172.3
6741,Oceania,Beauty,2018-01,2.0,337.91999999999996
6742,Oceania,Beauty,2018-02,,
6743,Oceania,Beauty,2018-03,6.0,4766.58
6744,Oceania,Beauty,2018-04,,
6745,Oceania,Beauty,2018-05,6.0,4465.8
6746,Oceania,Beauty,2018-06,1.0,429.65999999999997
6747,Oceania,Beauty,2018-07,27.0,11414.609999999999
6748,Oceania,Beauty,2018-08,7.0,3236.5400000000004
6749,Oceania,Beauty,2018-09,1.0,677.04
6750,Oceania,Beauty,2018-10,10.0,4095.0
6751,Oceania,Beauty,2018-11,,
6752,Oceania,Beauty,2018-12,6.0,760.3199999999999
6753,Oceania,Beauty,2019-01,5.0,592.68
6754,Oceania,Beauty,2019-02,3.0,558.36
6755,Oceania,Beauty,2019-03,11.0,3110.6
6756,Oceania,Beauty,2019-04,9.0,3335.04
6757,Oceania,Beauty,2019-05,15.0,11193.66
6758,Oceania,Beauty,2019-06,6.0,1117.2
6759,Oceania,Beauty,2019-07,7.0,1635.69
6760,Oceania,Beauty,2019-08,8.0,7349.2
6761,Oceania,Beauty,2019-09,4.0,249.48
6762,Oceania,Beauty,2019-10,,
6763,Oceania,Beauty,2019-12,8.0,7256.96
6764,Oceania,Beauty,2020-01,,
6765,Oceania,Beauty,2020-02,,
6766,Oceania,Beauty,2020-03,6.0,925.38
6767,Oceania,Beauty,2020-04,11.0,9012.5
6768,Oceania,Beauty,2020-05,,
6769,Oceania,Beauty,2020-06,,
6770,Oceania,Beauty,2020-07,,
6771,Oceania,Beauty,2020-08,20.0,3363.3
6772,Oceania,Beauty,2020-09,,
6773,Oceania,Beauty,2020-10,2.0,895.44
6774,Oceania,Beauty,2020-11,10.0,6790.0
6775,Oceania,Beauty,2020-12,,
6776,Oceania,Beauty,2016-07,,
6777,Oceania,Beauty,2016-08,16.0,8819.099999999999
6778,Oceania,Beauty,2017-11,18.0,13618.85
6779,Oceania,Beauty,2019-11,,
6780,Oceania,Books,2016-01,8.0,2714.4
6781,Oceania,Books,2016-02,6.0,4955.04
6782,Oceania,Books,2016-03,4.0,428.40000000000003
6783,Oceania,Books,2016-04,1.0,617.89
6784,Oceania,Books,2016-05,19.0,7687.320000000001
6785,Oceania,Books,2016-06,8.0,3173.4399999999996
6786,Oceania,Books,2016-09,,
6787,Oceania,Books,2016-10,10.0,4454.4
6788,Oceania,Books,2016-11,12.0,5102.79
6789,Oceania,Books,2016-12,10.0,7055.489999999999
6790,Oceania,Books,2017-01,8.0,4826.8
6791,Oceania,Books,2017-02,13.0,5821.46
6792,Oceania,Books,2017-03,5.0,3079.75
6793,Oceania,Books,2017-04,7.0,4586.400000000001
6794,Oceania,Books,2017-05,9.0,1187.28
6795,Oceania,Books,2017-06,12.0,3385.17
6796,Oceania,Books,2017-07,,
6797,Oceania,Books,2017-08,9.0,2166.7
6798,Oceania,Books,2017-09,9.0,6065.82
6799,Oceania,Books,2017-10,,
6800,Oceania,Books,2017-12,,
6801,Oceania,Books,2018-01,23.0,8192.449999999999
6802,Oceania,Books,2018-02,16.0,6388.360000000001
6803,Oceania,Books,2018-03,26.0,5508.2
6804,Oceania,Books,2018-04,,
6805,Oceania,Books,2018-05,25.0,15626.2
6806,Oceania,Books,2018-06,3.0,739.14
6807,Oceania,Books,2018-07,9.0,7159.679999999999
6808,Oceania,Books,2018-08,4.0,3118.08
6809,Oceania,Books,2018-09,12.0,5305.2
6810,Oceania,Books,2018-10,,
6811,Oceania,Books,2018-11,10.0,4881.96
6812,Oceania,Books,2018-12,13.0,6527.46
6813,Oceania,Books,2019-01,8.0,5335.2
6814,Oceania,Books,2019-02,19.0,5319.66
6815,Oceania,Books,2019-03,11.0,3646.5800000000004
6816,Oceania,Books,2019-04,10.0,2102.58
6817,Oceania,Books,2019-05,1.0,610.83
6818,Oceania,Books,2019-06,12.0,5523.92
6819,Oceania,Books,2019-07,4.0,1223.04
6820,Oceania,Books,2019-08,9.0,194.57999999999998
6821,Oceania,Books,2019-09,13.0,9314.36
6822,Oceania,Books,2019-10,3.0,2508.87
6823,Oceania,Books,2019-12,15.0,4971.179999999999
6824,Oceania,Books,2020-01,14.0,9089.04
6825,Oceania,Books,2020-02,19.0,12560.64
6826,Oceania,Books,2020-03,3.0,2444.94
6827,Oceania,Books,2020-04,9.0,6175.26
6828,Oceania,Books,2020-05,8.0,5618.24
6829,Oceania,Books,2020-06,,
6830,Oceania,Books,2020-07,,
6831,Oceania,Books,2020-08,10.0,5235.9
6832,Oceania,Books,2020-09,4.0,3130.29
6833,Oceania,Books,2020-10,4.0,2006.3999999999999
6834,Oceania,Books,2020-11,5.0,2523.5
6835,Oceania,Books,2020-12,7.0,4196.15
6836,Oceania,Books,2016-07,,
6837,Oceania,Books,2016-08,3.0,889.92
6838,Oceania,Books,2017-11,10.0,8816.0
6839,Oceania,Books,2019-11,,
6840,Oceania,Clothing,2016-01,8.0,6747.84
6841,Oceania,Clothing,2016-02,15.0,11645.13
6842,Oceania,Clothing,2016-03,4.0,2184.96
6843,Oceania,Clothing,2016-04,2.0,1946.28
6844,Oceania,Clothing,2016-05,,
6845,Oceania,Clothing,2016-06,10.0,3818.5799999999995
6846,Oceania,Clothing,2016-09,9.0,5088.96
6847,Oceania,Clothing,2016-10,13.0,9855.75
6848,Oceania,Clothing,2016-11,,
6849,Oceania,Clothing,2016-12,26.0,16126.58
6850,Oceania,Clothing,2017-01,18.0,4631.0599999999995
6851,Oceania,Clothing,2017-02,6.0,1792.56
6852,Oceania,Clothing,2017-03,13.0,6927.509999999999
6853,Oceania,Clothing,2017-04,18.0,8930.72
6854,Oceania,Clothing,2017-05,9.0,3110.4
6855,Oceania,Clothing,2017-06,5.0,3159.54
6856,Oceania,Clothing,2017-07,,
6857,Oceania,Clothing,2017-08,10.0,3321.6
6858,Oceania,Clothing,2017-09,16.0,8419.49
6859,Oceania,Clothing,2017-10,,
6860,Oceania,Clothing,2017-12,18.0,5081.5
6861,Oceania,Clothing,2018-01,10.0,4801.5
6862,Oceania,Clothing,2018-02,,
6863,Oceania,Clothing,2018-03,10.0,6743.6
6864,Oceania,Clothing,2018-04,,
6865,Oceania,Clothing,2018-05,,
6866,Oceania,Clothing,2018-06,37.0,15862.460000000001
6867,Oceania,Clothing,2018-07,1.0,416.7
6868,Oceania,Clothing,2018-08,,
6869,Oceania,Clothing,2018-09,11.0,4719.9
6870,Oceania,Clothing,2018-10,17.0,10024.119999999999
6871,Oceania,Clothing,2018-11,19.0,12597.609999999999
6872,Oceania,Clothing,2018-12,,
6873,Oceania,Clothing,2019-01,,
6874,Oceania,Clothing,2019-02,5.0,4607.5
6875,Oceania,Clothing,2019-03,10.0,2520.2999999999997
6876,Oceania,Clothing,2019-04,13.0,8023.38
6877,Oceania,Clothing,2019-05,10.0,7158.599999999999
6878,Oceania,Clothing,2019-06,,
6879,Oceania,Clothing,2019-07,,
6880,Oceania,Clothing,2019-08,20.0,14160.400000000001
6881,Oceania,Clothing,2019-09,8.0,522.72
6882,Oceania,Clothing,2019-10,14.0,11563.439999999999
6883,Oceania,Clothing,2019-12,6.0,1761.6000000000001
6884,Oceania,Clothing,2020-01,6.0,1034.1
6885,Oceania,Clothing,2020-02,6.0,3197.8799999999997
6886,Oceania,Clothing,2020-03,21.0,3959.2799999999997
6887,Oceania,Clothing,2020-04,8.0,3871.56
6888,Oceania,Clothing,2020-05,6.0,4009.98
6889,Oceania,Clothing,2020-06,24.0,15021.42
6890,Oceania,Clothing,2020-07,,
6891,Oceania,Clothing,2020-08,7.0,3052.58
6892,Oceania,Clothing,2020-09,1.0,144.53
6893,Oceania,Clothing,2020-10,7.0,1652.2
6894,Oceania,Clothing,2020-11,,
6895,Oceania,Clothing,2020-12,8.0,1929.9199999999998
6896,Oceania,Clothing,2016-07,,
6897,Oceania,Clothing,2016-08,2.0,1643.52
6898,Oceania,Clothing,2017-11,,
6899,Oceania,Clothing,2019-11,13.0,7655.58
6900,Oceania,Computers,2016-01,22.0,14163.6
6901,Oceania,Computers,2016-02,,
6902,Oceania,Computers,2016-03,15.0,9236.58
6903,Oceania,Computers,2016-04,20.0,9499.0
6904,Oceania,Computers,2016-05,12.0,4376.1900000000005
6905,Oceania,Computers,2016-06,24.0,6636.879999999999
6906,Oceania,Computers,2016-09,1.0,636.3199999999999
6907,Oceania,Computers,2016-10,,
6908,Oceania,Computers,2016-11,5.0,3049.2
6909,Oceania,Computers,2016-12,1.0,307.8
6910,Oceania,Computers,2017-01,,
6911,Oceania,Computers,2017-02,9.0,7973.28
6912,Oceania,Computers,2017-03,9.0,2399.04
6913,Oceania,Computers,2017-04,17.0,9355.65
6914,Oceania,Computers,2017-05,9.0,5426.19
6915,Oceania,Computers,2017-06,8.0,831.6
6916,Oceania,Computers,2017-07,,
6917,Oceania,Computers,2017-08,12.0,8651.76
6918,Oceania,Computers,2017-09,9.0,1630.53
6919,Oceania,Computers,2017-10,15.0,5844.869999999999
6920,Oceania,Computers,2017-12,,
6921,Oceania,Computers,2018-01,,
6922,Oceania,Computers,2018-02,12.0,8721.36
6923,Oceania,Computers,2018-03,18.0,12919.08
6924,Oceania,Computers,2018-04,3.0,1103.6599999999999
6925,Oceania,Computers,2018-05,4.0,2469.28
6926,Oceania,Computers,2018-06,10.0,7464.51
6927,Oceania,Computers,2018-07,3.0,2242.95
6928,Oceania,Computers,2018-08,,
6929,Oceania,Computers,2018-09,2.0,153.26
6930,Oceania,Computers,2018-10,,
6931,Oceania,Computers,2018-11,9.0,6940.89
6932,Oceania,Computers,2018-12,,
6933,Oceania,Computers,2019-01,,
6934,Oceania,Computers,2019-02,7.0,2602.71
6935,Oceania,Computers,2019-03,,
6936,Oceania,Computers,2019-04,4.0,376.0
6937,Oceania,Computers,2019-05,14.0,2328.18
6938,Oceania,Computers,2019-06,,
6939,Oceania,Computers,2019-07,,
6940,Oceania,Computers,2019-08,6.0,1834.5600000000002
6941,Oceania,Computers,2019-09,12.0,8111.33
6942,Oceania,Computers,2019-10,7.0,6166.16
6943,Oceania,Computers,2019-12,,
6944,Oceania,Computers,2020-01,1.0,206.60999999999999
6945,Oceania,Computers,2020-02,8.0,6563.76
6946,Oceania,Computers,2020-03,,
6947,Oceania,Computers,2020-04,,
6948,Oceania,Computers,2020-05,22.0,3237.6000000000004
6949,Oceania,Computers,2020-06,12.0,9321.900000000001
6950,Oceania,Computers,2020-07,6.0,5363.82
6951,Oceania,Computers,2020-08,10.0,5281.700000000001
6952,Oceania,Computers,2020-09,9.0,8076.32
6953,Oceania,Computers,2020-10,2.0,799.8
6954,Oceania,Computers,2020-11,30.0,15057.74
6955,Oceania,Computers,2020-12,,
6956,Oceania,Computers,2016-07,2.0,366.71999999999997
6957,Oceania,Computers,2016-08,,
6958,Oceania,Computers,2017-11,10.0,8913.33
6959,Oceania,Computers,2019-11,1.0,239.33
6960,Oceania,Electronics,2016-01,26.0,7955.719999999999
6961,Oceania,Electronics,2016-02,30.0,23834.94
6962,Oceania,Electronics,2016-03,10.0,2211.6
6963,Oceania,Electronics,2016-04,,
6964,Oceania,Electronics,2016-05,10.0,9343.6
6965,Oceania,Electronics,2016-06,9.0,6068.25
6966,Oceania,Electronics,2016-09,7.0,2703.1200000000003
6967,Oceania,Electronics,2016-10,,
6968,Oceania,Electronics,2016-11,15.0,3764.79
6969,Oceania,Electronics,2016-12,1.0,412.65999999999997
6970,Oceania,Electronics,2017-01,,
6971,Oceania,Electronics,2017-02,,
6972,Oceania,Electronics,2017-03,9.0,3197.3399999999997
6973,Oceania,Electronics,2017-04,,
6974,Oceania,Electronics,2017-05,,
6975,Oceania,Electronics,2017-06,8.0,4704.740000000001
6976,Oceania,Electronics,2017-07,6.0,2560.7999999999997
6977,Oceania,Electronics,2017-08,,
6978,Oceania,Electronics,2017-09,6.0,2746.5599999999995
6979,Oceania,Electronics,2017-10,12.0,6491.61
6980,Oceania,Electronics,2017-12,21.0,7060.73
6981,Oceania,Electronics,2018-01,2.0,1857.4399999999998
6982,Oceania,Electronics,2018-02,,
6983,Oceania,Electronics,2018-03,2.0,662.4
6984,Oceania,Electronics,2018-04,,
6985,Oceania,Electronics,2018-05,16.0,6646.5
6986,Oceania,Electronics,2018-06,16.0,6426.06
6987,Oceania,Electronics,2018-07,,
6988,Oceania,Electronics,2018-08,,
6989,Oceania,Electronics,2018-09,3.0,229.5
6990,Oceania,Electronics,2018-10,12.0,7774.219999999999
6991,Oceania,Electronics,2018-11,3.0,1116.0
6992,Oceania,Electronics,2018-12,6.0,3474.54
6993,Oceania,Electronics,2019-01,6.0,3215.7999999999997
6994,Oceania,Electronics,2019-02,,
6995,Oceania,Electronics,2019-03,11.0,7612.799999999999
6996,Oceania,Electronics,2019-04,1.0,6.58
6997,Oceania,Electronics,2019-05,9.0,1137.1499999999999
6998,Oceania,Electronics,2019-06,8.0,4256.6
6999,Oceania,Electronics,2019-07,,
7000,Oceania,Electronics,2019-08,7.0,4864.86
7001,Oceania,Electronics,2019-09,15.0,7873.24
7002,Oceania,Electronics,2019-10,6.0,4311.3
7003,Oceania,Electronics,2019-12,2.0,420.47999999999996
7004,Oceania,Electronics,2020-01,3.0,2211.3
7005,Oceania,Electronics,2020-02,,
7006,Oceania,Electronics,2020-03,7.0,1890.0
7007,Oceania,Electronics,2020-04,5.0,1850.25
7008,Oceania,Electronics,2020-05,7.0,2105.6
7009,Oceania,Electronics,2020-06,24.0,13579.87
7010,Oceania,Electronics,2020-07,16.0,6750.7
7011,Oceania,Electronics,2020-08,8.0,5836.8
7012,Oceania,Electronics,2020-09,36.0,12644.140000000001
7013,Oceania,Electronics,2020-10,10.0,5087.18
7014,Oceania,Electronics,2020-11,10.0,1401.6
7015,Oceania,Electronics,2020-12,,
7016,Oceania,Electronics,2016-07,,
7017,Oceania,Electronics,2016-08,10.0,5774.88
7018,Oceania,Electronics,2017-11,,
7019,Oceania,Electronics,2019-11,7.0,5739.3
7020,Oceania,Games,2016-01,,
7021,Oceania,Games,2016-02,2.0,1168.2
7022,Oceania,Games,2016-03,9.0,5694.3
7023,Oceania,Games,2016-04,4.0,1318.6
7024,Oceania,Games,2016-05,,
7025,Oceania,Games,2016-06,,
7026,Oceania,Games,2016-09,20.0,8932.0
7027,Oceania,Games,2016-10,1.0,384.56
7028,Oceania,Games,2016-11,11.0,5179.68
7029,Oceania,Games,2016-12,10.0,5606.599999999999
7030,Oceania,Games,2017-01,2.0,650.88
7031,Oceania,Games,2017-02,9.0,2522.52
7032,Oceania,Games,2017-03,6.0,4137.76
7033,Oceania,Games,2017-04,9.0,1054.52
7034,Oceania,Games,2017-05,,
7035,Oceania,Games,2017-06,4.0,3651.8399999999997
7036,Oceania,Games,2017-07,21.0,11363.169999999998
7037,Oceania,Games,2017-08,4.0,3571.12
7038,Oceania,Games,2017-09,10.0,8853.119999999999
7039,Oceania,Games,2017-10,7.0,1955.52
7040,Oceania,Games,2017-12,4.0,2362.2
7041,Oceania,Games,2018-01,6.0,2953.8
7042,Oceania,Games,2018-02,2.0,367.2
7043,Oceania,Games,2018-03,2.0,386.88
7044,Oceania,Games,2018-04,4.0,3197.12
7045,Oceania,Games,2018-05,11.0,5356.33
7046,Oceania,Games,2018-06,,
7047,Oceania,Games,2018-07,6.0,4423.68
7048,Oceania,Games,2018-08,10.0,7123.2
7049,Oceania,Games,2018-09,2.0,207.92000000000002
7050,Oceania,Games,2018-10,2.0,1732.64
7051,Oceania,Games,2018-11,11.0,1509.62
7052,Oceania,Games,2018-12,16.0,10681.16
7053,Oceania,Games,2019-01,3.0,1761.06
7054,Oceania,Games,2019-02,5.0,2082.1
7055,Oceania,Games,2019-03,,
7056,Oceania,Games,2019-04,10.0,2871.4
7057,Oceania,Games,2019-05,19.0,9037.25
7058,Oceania,Games,2019-06,18.0,3506.32
7059,Oceania,Games,2019-07,,
7060,Oceania,Games,2019-08,19.0,11945.26
7061,Oceania,Games,2019-09,5.0,994.25
7062,Oceania,Games,2019-10,,
7063,Oceania,Games,2019-12,4.0,2664.0
7064,Oceania,Games,2020-01,,
7065,Oceania,Games,2020-02,,
7066,Oceania,Games,2020-03,10.0,4186.0
7067,Oceania,Games,2020-04,,
7068,Oceania,Games,2020-05,6.0,5303.76
7069,Oceania,Games,2020-06,1.0,227.70000000000002
7070,Oceania,Games,2020-07,21.0,14059.98
7071,Oceania,Games,2020-08,20.0,8868.1
7072,Oceania,Games,2020-09,,
7073,Oceania,Games,2020-10,11.0,2603.22
7074,Oceania,Games,2020-11,8.0,538.72
7075,Oceania,Games,2020-12,20.0,9428.099999999999
7076,Oceania,Games,2016-07,7.0,3294.36
7077,Oceania,Games,2016-08,,
7078,Oceania,Games,2017-11,,
7079,Oceania,Games,2019-11,,
7080,Oceania,Garden,2016-01,2.0,1385.02
7081,Oceania,Garden,2016-02,15.0,7204.5
7082,Oceania,Garden,2016-03,1.0,218.88
7083,Oceania,Garden,2016-04,5.0,4296.6
7084,Oceania,Garden,2016-05,7.0,964.25
7085,Oceania,Garden,2016-06,8.0,2375.52
7086,Oceania,Garden,2016-09,8.0,4045.92
7087,Oceania,Garden,2016-10,16.0,6359.04
7088,Oceania,Garden,2016-11,,
7089,Oceania,Garden,2016-12,21.0,10413.94
7090,Oceania,Garden,2017-01,9.0,5618.34
7091,Oceania,Garden,2017-02,1.0,850.6899999999999
7092,Oceania,Garden,2017-03,2.0,980.1
7093,Oceania,Garden,2017-04,3.0,1624.5
7094,Oceania,Garden,2017-05,,
7095,Oceania,Garden,2017-06,,
7096,Oceania,Garden,2017-07,3.0,656.37
7097,Oceania,Garden,2017-08,,
7098,Oceania,Garden,2017-09,1.0,789.36
7099,Oceania,Garden,2017-10,3.0,1636.2
7100,Oceania,Garden,2017-12,,
7101,Oceania,Garden,2018-01,6.0,2678.94
7102,Oceania,Garden,2018-02,,
7103,Oceania,Garden,2018-03,10.0,2244.2
7104,Oceania,Garden,2018-04,16.0,5099.65
7105,Oceania,Garden,2018-05,6.0,4586.400000000001
7106,Oceania,Garden,2018-06,7.0,4491.9
7107,Oceania,Garden,2018-07,6.0,1534.68
7108,Oceania,Garden,2018-08,18.0,9108.35
7109,Oceania,Garden,2018-09,,
7110,Oceania,Garden,2018-10,,
7111,Oceania,Garden,2018-11,11.0,1848.52
7112,Oceania,Garden,2018-12,8.0,2156.0
7113,Oceania,Garden,2019-01,6.0,2911.92
7114,Oceania,Garden,2019-02,10.0,6965.4
7115,Oceania,Garden,2019-03,3.0,2700.72
7116,Oceania,Garden,2019-04,14.0,8312.16
7117,Oceania,Garden,2019-05,,
7118,Oceania,Garden,2019-06,5.0,1409.94
7119,Oceania,Garden,2019-07,20.0,13157.529999999999
7120,Oceania,Garden,2019-08,5.0,3009.66
7121,Oceania,Garden,2019-09,2.0,541.06
7122,Oceania,Garden,2019-10,23.0,14606.64
7123,Oceania,Garden,2019-12,,
7124,Oceania,Garden,2020-01,,
7125,Oceania,Garden,2020-02,6.0,4603.5
7126,Oceania,Garden,2020-03,,
7127,Oceania,Garden,2020-04,,
7128,Oceania,Garden,2020-05,10.0,1608.8999999999999
7129,Oceania,Garden,2020-06,,
7130,Oceania,Garden,2020-07,29.0,11710.35
7131,Oceania,Garden,2020-08,7.0,1449.0
7132,Oceania,Garden,2020-09,20.0,9223.84
7133,Oceania,Garden,2020-10,,
7134,Oceania,Garden,2020-11,4.0,1004.4
7135,Oceania,Garden,2020-12,29.0,15885.4
7136,Oceania,Garden,2016-07,9.0,7449.299999999999
7137,Oceania,Garden,2016-08,9.0,6977.88
7138,Oceania,Garden,2017-11,,
7139,Oceania,Garden,2019-11,,
7140,Oceania,Grocery,2016-01,5.0,231.11999999999998
7141,Oceania,Grocery,2016-02,27.0,14883.5
7142,Oceania,Grocery,2016-03,3.0,2207.31
7143,Oceania,Grocery,2016-04,,
7144,Oceania,Grocery,2016-05,,
7145,Oceania,Grocery,2016-06,1.0,207.0
7146,Oceania,Grocery,2016-09,,
7147,Oceania,Grocery,2016-10,11.0,5199.6
7148,Oceania,Grocery,2016-11,6.0,5207.04
7149,Oceania,Grocery,2016-12,7.0,6394.92
7150,Oceania,Grocery,2017-01,10.0,8611.2
7151,Oceania,Grocery,2017-02,6.0,1406.1599999999999
7152,Oceania,Grocery,2017-03,6.0,3994.76
7153,Oceania,Grocery,2017-04,9.0,3525.12
7154,Oceania,Grocery,2017-05,5.0,1584.0
7155,Oceania,Grocery,2017-06,8.0,5221.2
7156,Oceania,Grocery,2017-07,,
7157,Oceania,Grocery,2017-08,8.0,1920.0
7158,Oceania,Grocery,2017-09,17.0,5307.18
7159,Oceania,Grocery,2017-10,14.0,9747.24
7160,Oceania,Grocery,2017-12,20.0,9623.759999999998
7161,Oceania,Grocery,2018-01,5.0,1003.19
7162,Oceania,Grocery,2018-02,7.0,3930.29
7163,Oceania,Grocery,2018-03,2.0,464.52
7164,Oceania,Grocery,2018-04,12.0,3016.29
7165,Oceania,Grocery,2018-05,4.0,3269.2799999999997
7166,Oceania,Grocery,2018-06,,
7167,Oceania,Grocery,2018-07,,
7168,Oceania,Grocery,2018-08,,
7169,Oceania,Grocery,2018-09,18.0,7905.82
7170,Oceania,Grocery,2018-10,10.0,6887.58
7171,Oceania,Grocery,2018-11,8.0,6727.04
7172,Oceania,Grocery,2018-12,,
7173,Oceania,Grocery,2019-01,4.0,1648.64
7174,Oceania,Grocery,2019-02,4.0,1110.2
7175,Oceania,Grocery,2019-03,17.0,7209.5
7176,Oceania,Grocery,2019-04,15.0,3073.6800000000003
7177,Oceania,Grocery,2019-05,18.0,7665.4400000000005
7178,Oceania,Grocery,2019-06,1.0,814.2
7179,Oceania,Grocery,2019-07,8.0,4449.12
7180,Oceania,Grocery,2019-08,10.0,2105.6
7181,Oceania,Grocery,2019-09,3.0,128.04
7182,Oceania,Grocery,2019-10,13.0,9834.16
7183,Oceania,Grocery,2019-12,1.0,762.3399999999999
7184,Oceania,Grocery,2020-01,26.0,14323.5
7185,Oceania,Grocery,2020-02,,
7186,Oceania,Grocery,2020-03,11.0,8673.49
7187,Oceania,Grocery,2020-04,,
7188,Oceania,Grocery,2020-05,7.0,4671.5199999999995
7189,Oceania,Grocery,2020-06,16.0,12714.119999999999
7190,Oceania,Grocery,2020-07,4.0,1779.96
7191,Oceania,Grocery,2020-08,3.0,1798.2
7192,Oceania,Grocery,2020-09,2.0,969.5999999999999
7193,Oceania,Grocery,2020-10,8.0,647.6800000000001
7194,Oceania,Grocery,2020-11,3.0,2009.25
7195,Oceania,Grocery,2020-12,,
7196,Oceania,Grocery,2016-07,,
7197,Oceania,Grocery,2016-08,10.0,6938.75
7198,Oceania,Grocery,2017-11,1.0,446.40000000000003
7199,Oceania,Grocery,2019-11,9.0,2597.9399999999996
7200,Oceania,Health,2016-01,1.0,207.48000000000002
7201,Oceania,Health,2016-02,4.0,165.6
7202,Oceania,Health,2016-03,,
7203,Oceania,Health,2016-04,,
7204,Oceania,Health,2016-05,3.0,2283.8399999999997
7205,Oceania,Health,2016-06,8.0,4952.24
7206,Oceania,Health,2016-09,,
7207,Oceania,Health,2016-10,24.0,7904.0
7208,Oceania,Health,2016-11,11.0,308.15999999999997
7209,Oceania,Health,2016-12,7.0,329.28
7210,Oceania,Health,2017-01,4.0,1628.1599999999999
7211,Oceania,Health,2017-02,8.0,7007.2
7212,Oceania,Health,2017-03,6.0,1447.2
7213,Oceania,Health,2017-04,,
7214,Oceania,Health,2017-05,5.0,3467.75
7215,Oceania,Health,2017-06,8.0,5386.08
7216,Oceania,Health,2017-07,,
7217,Oceania,Health,2017-08,6.0,3841.92
7218,Oceania,Health,2017-09,8.0,6091.68
7219,Oceania,Health,2017-10,18.0,5928.02
7220,Oceania,Health,2017-12,8.0,5119.2
7221,Oceania,Health,2018-01,8.0,4865.18
7222,Oceania,Health,2018-02,9.0,4581.52
7223,Oceania,Health,2018-03,,
7224,Oceania,Health,2018-04,7.0,2792.79
7225,Oceania,Health,2018-05,9.0,4043.64
7226,Oceania,Health,2018-06,3.0,805.56
7227,Oceania,Health,2018-07,13.0,7690.17
7228,Oceania,Health,2018-08,,
7229,Oceania,Health,2018-09,,
7230,Oceania,Health,2018-10,,
7231,Oceania,Health,2018-11,,
7232,Oceania,Health,2018-12,11.0,7004.84
7233,Oceania,Health,2019-01,7.0,2698.36
7234,Oceania,Health,2019-02,,
7235,Oceania,Health,2019-03,,
7236,Oceania,Health,2019-04,6.0,3422.4
7237,Oceania,Health,2019-05,7.0,4700.83
7238,Oceania,Health,2019-06,4.0,1561.8
7239,Oceania,Health,2019-07,2.0,1467.18
7240,Oceania,Health,2019-08,16.0,6803.58
7241,Oceania,Health,2019-09,,
7242,Oceania,Health,2019-10,3.0,1185.75
7243,Oceania,Health,2019-12,6.0,1219.92
7244,Oceania,Health,2020-01,2.0,245.52
7245,Oceania,Health,2020-02,,
7246,Oceania,Health,2020-03,20.0,4516.299999999999
7247,Oceania,Health,2020-04,9.0,7857.0
7248,Oceania,Health,2020-05,14.0,9195.48
7249,Oceania,Health,2020-06,,
7250,Oceania,Health,2020-07,10.0,8939.4
7251,Oceania,Health,2020-08,3.0,658.35
7252,Oceania,Health,2020-09,,
7253,Oceania,Health,2020-10,10.0,3429.0
7254,Oceania,Health,2020-11,,
7255,Oceania,Health,2020-12,,
7256,Oceania,Health,2016-07,6.0,3253.14
7257,Oceania,Health,2016-08,5.0,2124.34
7258,Oceania,Health,2017-11,2.0,799.9
7259,Oceania,Health,2019-11,,
7260,Oceania,Home,2016-01,6.0,1984.62
7261,Oceania,Home,2016-02,8.0,4428.860000000001
7262,Oceania,Home,2016-03,10.0,3092.6
7263,Oceania,Home,2016-04,,
7264,Oceania,Home,2016-05,4.0,1193.6299999999999
7265,Oceania,Home,2016-06,15.0,6761.429999999999
7266,Oceania,Home,2016-09,,
7267,Oceania,Home,2016-10,,
7268,Oceania,Home,2016-11,,
7269,Oceania,Home,2016-12,,
7270,Oceania,Home,2017-01,,
7271,Oceania,Home,2017-02,,
7272,Oceania,Home,2017-03,7.0,3958.3999999999996
7273,Oceania,Home,2017-04,6.0,5306.58
7274,Oceania,Home,2017-05,12.0,7721.460000000001
7275,Oceania,Home,2017-06,13.0,9267.4
7276,Oceania,Home,2017-07,7.0,1988.91
7277,Oceania,Home,2017-08,2.0,1313.76
7278,Oceania,Home,2017-09,,
7279,Oceania,Home,2017-10,8.0,7124.4800000000005
7280,Oceania,Home,2017-12,18.0,8373.48
7281,Oceania,Home,2018-01,7.0,5779.04
7282,Oceania,Home,2018-02,6.0,1570.9199999999998
7283,Oceania,Home,2018-03,10.0,6879.6
7284,Oceania,Home,2018-04,,
7285,Oceania,Home,2018-05,30.0,11454.78
7286,Oceania,Home,2018-06,,
7287,Oceania,Home,2018-07,,
7288,Oceania,Home,2018-08,1.0,671.22
7289,Oceania,Home,2018-09,1.0,400.9
7290,Oceania,Home,2018-10,,
7291,Oceania,Home,2018-11,,
7292,Oceania,Home,2018-12,,
7293,Oceania,Home,2019-01,1.0,295.96
7294,Oceania,Home,2019-02,13.0,2022.88
7295,Oceania,Home,2019-03,12.0,4495.08
7296,Oceania,Home,2019-04,,
7297,Oceania,Home,2019-05,2.0,1737.12
7298,Oceania,Home,2019-06,6.0,4500.719999999999
7299,Oceania,Home,2019-07,,
7300,Oceania,Home,2019-08,,
7301,Oceania,Home,2019-09,10.0,1156.2
7302,Oceania,Home,2019-10,1.0,838.53
7303,Oceania,Home,2019-12,,
7304,Oceania,Home,2020-01,16.0,6752.82
7305,Oceania,Home,2020-02,18.0,11409.59
7306,Oceania,Home,2020-03,22.0,8339.33
7307,Oceania,Home,2020-04,13.0,6088.0
7308,Oceania,Home,2020-05,9.0,993.5999999999999
7309,Oceania,Home,2020-06,5.0,427.8
7310,Oceania,Home,2020-07,1.0,703.4300000000001
7311,Oceania,Home,2020-08,4.0,1951.6399999999999
7312,Oceania,Home,2020-09,,
7313,Oceania,Home,2020-10,7.0,3810.45
7314,Oceania,Home,2020-11,,
7315,Oceania,Home,2020-12,,
7316,Oceania,Home,2016-07,9.0,2860.46
7317,Oceania,Home,2016-08,15.0,9330.6
7318,Oceania,Home,2017-11,,
7319,Oceania,Home,2019-11,,
7320,Oceania,Industrial,2016-01,5.0,741.0
7321,Oceania,Industrial,2016-02,8.0,735.28
7322,Oceania,Industrial,2016-03,19.0,4881.75
7323,Oceania,Industrial,2016-04,10.0,3381.0
7324,Oceania,Industrial,2016-05,8.0,3638.16
7325,Oceania,Industrial,2016-06,6.0,1517.88
7326,Oceania,Industrial,2016-09,4.0,1954.0099999999998
7327,Oceania,Industrial,2016-10,9.0,4634.74
7328,Oceania,Industrial,2016-11,,
7329,Oceania,Industrial,2016-12,15.0,7758.0
7330,Oceania,Industrial,2017-01,10.0,5265.96
7331,Oceania,Industrial,2017-02,10.0,4249.7
7332,Oceania,Industrial,2017-03,8.0,7102.400000000001
7333,Oceania,Industrial,2017-04,9.0,3945.96
7334,Oceania,Industrial,2017-05,,
7335,Oceania,Industrial,2017-06,,
7336,Oceania,Industrial,2017-07,,
7337,Oceania,Industrial,2017-08,6.0,2432.8799999999997
7338,Oceania,Industrial,2017-09,6.0,622.44
7339,Oceania,Industrial,2017-10,8.0,3509.01
7340,Oceania,Industrial,2017-12,4.0,2955.6800000000003
7341,Oceania,Industrial,2018-01,6.0,39.9
7342,Oceania,Industrial,2018-02,7.0,5836.46
7343,Oceania,Industrial,2018-03,4.0,795.6
7344,Oceania,Industrial,2018-04,22.0,8881.68
7345,Oceania,Industrial,2018-05,,
7346,Oceania,Industrial,2018-06,4.0,2002.54
7347,Oceania,Industrial,2018-07,3.0,1293.3
7348,Oceania,Industrial,2018-08,2.0,1488.0
7349,Oceania,Industrial,2018-09,9.0,2308.5
7350,Oceania,Industrial,2018-10,,
7351,Oceania,Industrial,2018-11,14.0,6235.26
7352,Oceania,Industrial,2018-12,,
7353,Oceania,Industrial,2019-01,,
7354,Oceania,Industrial,2019-02,14.0,161.28
7355,Oceania,Industrial,2019-03,,
7356,Oceania,Industrial,2019-04,,
7357,Oceania,Industrial,2019-05,4.0,1822.5
7358,Oceania,Industrial,2019-06,2.0,1235.78
7359,Oceania,Industrial,2019-07,4.0,2482.48
7360,Oceania,Industrial,2019-08,6.0,5555.4
7361,Oceania,Industrial,2019-09,16.0,2731.71
7362,Oceania,Industrial,2019-10,12.0,7386.379999999999
7363,Oceania,Industrial,2019-12,12.0,5342.4
7364,Oceania,Industrial,2020-01,7.0,3749.13
7365,Oceania,Industrial,2020-02,,
7366,Oceania,Industrial,2020-03,6.0,2764.5
7367,Oceania,Industrial,2020-04,8.0,1520.92
7368,Oceania,Industrial,2020-05,16.0,8078.639999999999
7369,Oceania,Industrial,2020-06,16.0,5125.68
7370,Oceania,Industrial,2020-07,8.0,7569.599999999999
7371,Oceania,Industrial,2020-08,2.0,813.6
7372,Oceania,Industrial,2020-09,5.0,3989.7
7373,Oceania,Industrial,2020-10,4.0,2565.0
7374,Oceania,Industrial,2020-11,,
7375,Oceania,Industrial,2020-12,,
7376,Oceania,Industrial,2016-07,15.0,5012.7
7377,Oceania,Industrial,2016-08,3.0,1738.09
7378,Oceania,Industrial,2017-11,9.0,1269.0
7379,Oceania,Industrial,2019-11,,
7380,Oceania,Jewelery,2016-01,6.0,4306.8
7381,Oceania,Jewelery,2016-02,,
7382,Oceania,Jewelery,2016-03,,
7383,Oceania,Jewelery,2016-04,7.0,2002.56
7384,Oceania,Jewelery,2016-05,15.0,4362.599999999999
7385,Oceania,Jewelery,2016-06,9.0,5239.08
7386,Oceania,Jewelery,2016-09,2.0,1643.52
7387,Oceania,Jewelery,2016-10,1.0,633.56
7388,Oceania,Jewelery,2016-11,4.0,1887.52
7389,Oceania,Jewelery,2016-12,21.0,8436.74
7390,Oceania,Jewelery,2017-01,,
7391,Oceania,Jewelery,2017-02,5.0,1035.0
7392,Oceania,Jewelery,2017-03,10.0,1392.0
7393,Oceania,Jewelery,2017-04,,
7394,Oceania,Jewelery,2017-05,,
7395,Oceania,Jewelery,2017-06,11.0,4766.4
7396,Oceania,Jewelery,2017-07,14.0,10099.400000000001
7397,Oceania,Jewelery,2017-08,16.0,5926.41
7398,Oceania,Jewelery,2017-09,,
7399,Oceania,Jewelery,2017-10,1.0,531.05
7400,Oceania,Jewelery,2017-12,10.0,5841.16
7401,Oceania,Jewelery,2018-01,6.0,2396.94
7402,Oceania,Jewelery,2018-02,2.0,959.0400000000001
7403,Oceania,Jewelery,2018-03,11.0,7384.41
7404,Oceania,Jewelery,2018-04,4.0,1029.48
7405,Oceania,Jewelery,2018-05,,
7406,Oceania,Jewelery,2018-06,4.0,1396.8
7407,Oceania,Jewelery,2018-07,19.0,10017.95
7408,Oceania,Jewelery,2018-08,13.0,11234.08
7409,Oceania,Jewelery,2018-09,6.0,4929.360000000001
7410,Oceania,Jewelery,2018-10,,
7411,Oceania,Jewelery,2018-11,3.0,819.72
7412,Oceania,Jewelery,2018-12,9.0,335.79
7413,Oceania,Jewelery,2019-01,,
7414,Oceania,Jewelery,2019-02,,
7415,Oceania,Jewelery,2019-03,6.0,5569.74
7416,Oceania,Jewelery,2019-04,18.0,5382.36
7417,Oceania,Jewelery,2019-05,,
7418,Oceania,Jewelery,2019-06,2.0,1381.3
7419,Oceania,Jewelery,2019-07,14.0,10153.44
7420,Oceania,Jewelery,2019-08,8.0,6226.8
7421,Oceania,Jewelery,2019-09,8.0,4017.6
7422,Oceania,Jewelery,2019-10,,
7423,Oceania,Jewelery,2019-12,22.0,11787.26
7424,Oceania,Jewelery,2020-01,18.0,11873.05
7425,Oceania,Jewelery,2020-02,,
7426,Oceania,Jewelery,2020-03,10.0,8051.05
7427,Oceania,Jewelery,2020-04,20.0,15348.57
7428,Oceania,Jewelery,2020-05,,
7429,Oceania,Jewelery,2020-06,13.0,6968.15
7430,Oceania,Jewelery,2020-07,1.0,75.44
7431,Oceania,Jewelery,2020-08,,
7432,Oceania,Jewelery,2020-09,8.0,5007.12
7433,Oceania,Jewelery,2020-10,10.0,7930.400000000001
7434,Oceania,Jewelery,2020-11,18.0,8431.099999999999
7435,Oceania,Jewelery,2020-12,10.0,7326.969999999999
7436,Oceania,Jewelery,2016-07,8.0,121.6
7437,Oceania,Jewelery,2016-08,17.0,13361.0
7438,Oceania,Jewelery,2017-11,3.0,977.13
7439,Oceania,Jewelery,2019-11,11.0,3473.47
7440,Oceania,Kids,2016-01,8.0,5564.16
7441,Oceania,Kids,2016-02,,
7442,Oceania,Kids,2016-03,1.0,345.6
7443,Oceania,Kids,2016-04,,
7444,Oceania,Kids,2016-05,3.0,1755.3600000000001
7445,Oceania,Kids,2016-06,8.0,7402.799999999999
7446,Oceania,Kids,2016-09,20.0,11877.47
7447,Oceania,Kids,2016-10,5.0,2011.92
7448,Oceania,Kids,2016-11,13.0,1497.8600000000001
7449,Oceania,Kids,2016-12,,
7450,Oceania,Kids,2017-01,,
7451,Oceania,Kids,2017-02,11.0,1621.8
7452,Oceania,Kids,2017-03,,
7453,Oceania,Kids,2017-04,3.0,1541.43
7454,Oceania,Kids,2017-05,23.0,10106.48
7455,Oceania,Kids,2017-06,13.0,10308.419999999998
7456,Oceania,Kids,2017-07,20.0,11897.34
7457,Oceania,Kids,2017-08,7.0,3803.52
7458,Oceania,Kids,2017-09,1.0,217.92
7459,Oceania,Kids,2017-10,16.0,9050.18
7460,Oceania,Kids,2017-12,3.0,2383.76
7461,Oceania,Kids,2018-01,11.0,2603.0
7462,Oceania,Kids,2018-02,,
7463,Oceania,Kids,2018-03,10.0,6326.23
7464,Oceania,Kids,2018-04,12.0,6098.579999999999
7465,Oceania,Kids,2018-05,,
7466,Oceania,Kids,2018-06,,
7467,Oceania,Kids,2018-07,9.0,7751.7
7468,Oceania,Kids,2018-08,,
7469,Oceania,Kids,2018-09,6.0,1833.1
7470,Oceania,Kids,2018-10,6.0,2014.2
7471,Oceania,Kids,2018-11,7.0,6111.349999999999
7472,Oceania,Kids,2018-12,13.0,6990.650000000001
7473,Oceania,Kids,2019-01,13.0,6405.839999999999
7474,Oceania,Kids,2019-02,14.0,5440.12
7475,Oceania,Kids,2019-03,,
7476,Oceania,Kids,2019-04,,
7477,Oceania,Kids,2019-05,,
7478,Oceania,Kids,2019-06,3.0,549.24
7479,Oceania,Kids,2019-07,,
7480,Oceania,Kids,2019-08,11.0,3067.2799999999997
7481,Oceania,Kids,2019-09,25.0,9309.56
7482,Oceania,Kids,2019-10,18.0,12035.1
7483,Oceania,Kids,2019-12,3.0,129.6
7484,Oceania,Kids,2020-01,6.0,1105.92
7485,Oceania,Kids,2020-02,,
7486,Oceania,Kids,2020-03,,
7487,Oceania,Kids,2020-04,1.0,792.12
7488,Oceania,Kids,2020-05,8.0,5403.12
7489,Oceania,Kids,2020-06,6.0,1658.7
7490,Oceania,Kids,2020-07,7.0,5782.98
7491,Oceania,Kids,2020-08,8.0,3526.8799999999997
7492,Oceania,Kids,2020-09,9.0,6104.7
7493,Oceania,Kids,2020-10,22.0,10931.669999999998
7494,Oceania,Kids,2020-11,,
7495,Oceania,Kids,2020-12,12.0,4555.84
7496,Oceania,Kids,2016-07,,
7497,Oceania,Kids,2016-08,14.0,2296.42
7498,Oceania,Kids,2017-11,1.0,297.97999999999996
7499,Oceania,Kids,2019-11,8.0,3310.7999999999997
7500,Oceania,Movies,2016-01,17.0,7284.24
7501,Oceania,Movies,2016-02,10.0,7227.0
7502,Oceania,Movies,2016-03,8.0,2220.62
7503,Oceania,Movies,2016-04,4.0,2902.3699999999994
7504,Oceania,Movies,2016-05,7.0,6390.65
7505,Oceania,Movies,2016-06,,
7506,Oceania,Movies,2016-09,8.0,4446.0
7507,Oceania,Movies,2016-10,,
7508,Oceania,Movies,2016-11,4.0,2016.0
7509,Oceania,Movies,2016-12,6.0,2062.08
7510,Oceania,Movies,2017-01,23.0,11501.32
7511,Oceania,Movies,2017-02,2.0,646.97
7512,Oceania,Movies,2017-03,1.0,706.56
7513,Oceania,Movies,2017-04,20.0,13806.96
7514,Oceania,Movies,2017-05,11.0,1600.7399999999998
7515,Oceania,Movies,2017-06,,
7516,Oceania,Movies,2017-07,10.0,633.6
7517,Oceania,Movies,2017-08,10.0,6470.1
7518,Oceania,Movies,2017-09,17.0,10435.74
7519,Oceania,Movies,2017-10,12.0,1618.24
7520,Oceania,Movies,2017-12,19.0,9685.04
7521,Oceania,Movies,2018-01,,
7522,Oceania,Movies,2018-02,,
7523,Oceania,Movies,2018-03,8.0,215.76
7524,Oceania,Movies,2018-04,7.0,3579.94
7525,Oceania,Movies,2018-05,,
7526,Oceania,Movies,2018-06,,
7527,Oceania,Movies,2018-07,9.0,2580.2999999999997
7528,Oceania,Movies,2018-08,,
7529,Oceania,Movies,2018-09,16.0,10301.31
7530,Oceania,Movies,2018-10,17.0,7786.66
7531,Oceania,Movies,2018-11,9.0,2006.5500000000002
7532,Oceania,Movies,2018-12,,
7533,Oceania,Movies,2019-01,7.0,3824.1
7534,Oceania,Movies,2019-02,3.0,2790.69
7535,Oceania,Movies,2019-03,9.0,1666.62
7536,Oceania,Movies,2019-04,7.0,5007.45
7537,Oceania,Movies,2019-05,14.0,3672.2
7538,Oceania,Movies,2019-06,,
7539,Oceania,Movies,2019-07,,
7540,Oceania,Movies,2019-08,2.0,698.4
7541,Oceania,Movies,2019-09,,
7542,Oceania,Movies,2019-10,5.0,2969.33
7543,Oceania,Movies,2019-12,9.0,5306.58
7544,Oceania,Movies,2020-01,6.0,2861.04
7545,Oceania,Movies,2020-02,10.0,4088.7
7546,Oceania,Movies,2020-03,8.0,1195.92
7547,Oceania,Movies,2020-04,19.0,4490.32
7548,Oceania,Movies,2020-05,5.0,2513.7
7549,Oceania,Movies,2020-06,,
7550,Oceania,Movies,2020-07,5.0,3034.35
7551,Oceania,Movies,2020-08,,
7552,Oceania,Movies,2020-09,9.0,7717.32
7553,Oceania,Movies,2020-10,1.0,447.45
7554,Oceania,Movies,2020-11,5.0,3311.55
7555,Oceania,Movies,2020-12,8.0,4195.9
7556,Oceania,Movies,2016-07,8.0,2868.32
7557,Oceania,Movies,2016-08,,
7558,Oceania,Movies,2017-11,21.0,8971.6
7559,Oceania,Movies,2019-11,7.0,1375.22
7560,Oceania,Music,2016-01,,
7561,Oceania,Music,2016-02,16.0,3960.0
7562,Oceania,Music,2016-03,6.0,54.0
7563,Oceania,Music,2016-04,15.0,5209.4
7564,Oceania,Music,2016-05,12.0,4265.7
7565,Oceania,Music,2016-06,7.0,6137.320000000001
7566,Oceania,Music,2016-09,,
7567,Oceania,Music,2016-10,1.0,98.94
7568,Oceania,Music,2016-11,9.0,4496.04
7569,Oceania,Music,2016-12,10.0,4968.6
7570,Oceania,Music,2017-01,,
7571,Oceania,Music,2017-02,,
7572,Oceania,Music,2017-03,4.0,2798.88
7573,Oceania,Music,2017-04,,
7574,Oceania,Music,2017-05,5.0,1694.02
7575,Oceania,Music,2017-06,7.0,2789.9199999999996
7576,Oceania,Music,2017-07,1.0,263.15
7577,Oceania,Music,2017-08,16.0,10303.24
7578,Oceania,Music,2017-09,22.0,8910.05
7579,Oceania,Music,2017-10,10.0,4596.2
7580,Oceania,Music,2017-12,8.0,28.8
7581,Oceania,Music,2018-01,,
7582,Oceania,Music,2018-02,5.0,2645.85
7583,Oceania,Music,2018-03,,
7584,Oceania,Music,2018-04,,
7585,Oceania,Music,2018-05,,
7586,Oceania,Music,2018-06,,
7587,Oceania,Music,2018-07,,
7588,Oceania,Music,2018-08,,
7589,Oceania,Music,2018-09,6.0,1272.96
7590,Oceania,Music,2018-10,2.0,1332.54
7591,Oceania,Music,2018-11,,
7592,Oceania,Music,2018-12,6.0,4264.26
7593,Oceania,Music,2019-01,5.0,1658.25
7594,Oceania,Music,2019-02,22.0,10678.32
7595,Oceania,Music,2019-03,3.0,537.57
7596,Oceania,Music,2019-04,,
7597,Oceania,Music,2019-05,,
7598,Oceania,Music,2019-06,6.0,3852.12
7599,Oceania,Music,2019-07,16.0,3366.42
7600,Oceania,Music,2019-08,,
7601,Oceania,Music,2019-09,7.0,506.65999999999997
7602,Oceania,Music,2019-10,13.0,1660.32
7603,Oceania,Music,2019-12,7.0,4119.36
7604,Oceania,Music,2020-01,,
7605,Oceania,Music,2020-02,8.0,3501.4799999999996
7606,Oceania,Music,2020-03,8.0,3722.4
7607,Oceania,Music,2020-04,,
7608,Oceania,Music,2020-05,29.0,15203.52
7609,Oceania,Music,2020-06,16.0,7927.01
7610,Oceania,Music,2020-07,18.0,8792.759999999998
7611,Oceania,Music,2020-08,,
7612,Oceania,Music,2020-09,5.0,409.5
7613,Oceania,Music,2020-10,7.0,2308.26
7614,Oceania,Music,2020-11,10.0,4923.0
7615,Oceania,Music,2020-12,,
7616,Oceania,Music,2016-07,13.0,2026.5800000000002
7617,Oceania,Music,2016-08,5.0,1881.6
7618,Oceania,Music,2017-11,10.0,8957.52
7619,Oceania,Music,2019-11,2.0,138.6
7620,Oceania,Outdoors,2016-01,,
7621,Oceania,Outdoors,2016-02,21.0,12558.0
7622,Oceania,Outdoors,2016-03,,
7623,Oceania,Outdoors,2016-04,15.0,5605.2
7624,Oceania,Outdoors,2016-05,1.0,424.08
7625,Oceania,Outdoors,2016-06,10.0,3330.4
7626,Oceania,Outdoors,2016-09,10.0,7894.5
7627,Oceania,Outdoors,2016-10,,
7628,Oceania,Outdoors,2016-11,22.0,7033.719999999999
7629,Oceania,Outdoors,2016-12,20.0,11508.029999999999
7630,Oceania,Outdoors,2017-01,12.0,6304.38
7631,Oceania,Outdoors,2017-02,9.0,6073.0599999999995
7632,Oceania,Outdoors,2017-03,10.0,5911.619999999999
7633,Oceania,Outdoors,2017-04,,
7634,Oceania,Outdoors,2017-05,8.0,5608.8
7635,Oceania,Outdoors,2017-06,4.0,1017.5999999999999
7636,Oceania,Outdoors,2017-07,5.0,272.52
7637,Oceania,Outdoors,2017-08,3.0,564.48
7638,Oceania,Outdoors,2017-09,1.0,337.59
7639,Oceania,Outdoors,2017-10,,
7640,Oceania,Outdoors,2017-12,8.0,5263.2
7641,Oceania,Outdoors,2018-01,,
7642,Oceania,Outdoors,2018-02,15.0,6393.24
7643,Oceania,Outdoors,2018-03,9.0,4893.96
7644,Oceania,Outdoors,2018-04,5.0,2822.4
7645,Oceania,Outdoors,2018-05,13.0,3691.2000000000003
7646,Oceania,Outdoors,2018-06,,
7647,Oceania,Outdoors,2018-07,14.0,7599.27
7648,Oceania,Outdoors,2018-08,,
7649,Oceania,Outdoors,2018-09,8.0,2509.58
7650,Oceania,Outdoors,2018-10,22.0,9988.76
7651,Oceania,Outdoors,2018-11,6.0,3946.8
7652,Oceania,Outdoors,2018-12,,
7653,Oceania,Outdoors,2019-01,,
7654,Oceania,Outdoors,2019-02,10.0,2853.76
7655,Oceania,Outdoors,2019-03,19.0,14835.179999999998
7656,Oceania,Outdoors,2019-04,,
7657,Oceania,Outdoors,2019-05,12.0,5961.94
7658,Oceania,Outdoors,2019-06,13.0,1478.6999999999998
7659,Oceania,Outdoors,2019-07,,
7660,Oceania,Outdoors,2019-08,9.0,4717.44
7661,Oceania,Outdoors,2019-09,3.0,1661.52
7662,Oceania,Outdoors,2019-10,7.0,5223.400000000001
7663,Oceania,Outdoors,2019-12,15.0,8413.44
7664,Oceania,Outdoors,2020-01,9.0,2459.1600000000003
7665,Oceania,Outdoors,2020-02,1.0,892.71
7666,Oceania,Outdoors,2020-03,7.0,3883.6
7667,Oceania,Outdoors,2020-04,8.0,1310.0800000000002
7668,Oceania,Outdoors,2020-05,,
7669,Oceania,Outdoors,2020-06,9.0,4163.400000000001
7670,Oceania,Outdoors,2020-07,16.0,10509.92
7671,Oceania,Outdoors,2020-08,9.0,3928.5600000000004
7672,Oceania,Outdoors,2020-09,23.0,635.22
7673,Oceania,Outdoors,2020-10,,
7674,Oceania,Outdoors,2020-11,7.0,5089.459999999999
7675,Oceania,Outdoors,2020-12,,
7676,Oceania,Outdoors,2016-07,2.0,874.8000000000001
7677,Oceania,Outdoors,2016-08,4.0,3781.8
7678,Oceania,Outdoors,2017-11,19.0,13091.82
7679,Oceania,Outdoors,2019-11,6.0,1511.52
7680,Oceania,Shoes,2016-01,7.0,4934.58
7681,Oceania,Shoes,2016-02,14.0,7974.749999999999
7682,Oceania,Shoes,2016-03,,
7683,Oceania,Shoes,2016-04,28.0,10829.98
7684,Oceania,Shoes,2016-05,,
7685,Oceania,Shoes,2016-06,4.0,1983.8
7686,Oceania,Shoes,2016-09,9.0,3025.24
7687,Oceania,Shoes,2016-10,11.0,1722.46
7688,Oceania,Shoes,2016-11,,
7689,Oceania,Shoes,2016-12,2.0,1433.52
7690,Oceania,Shoes,2017-01,,
7691,Oceania,Shoes,2017-02,12.0,8581.77
7692,Oceania,Shoes,2017-03,18.0,12290.3
7693,Oceania,Shoes,2017-04,15.0,1176.21
7694,Oceania,Shoes,2017-05,10.0,2631.2000000000003
7695,Oceania,Shoes,2017-06,9.0,7273.7
7696,Oceania,Shoes,2017-07,50.0,28143.03
7697,Oceania,Shoes,2017-08,6.0,817.3199999999999
7698,Oceania,Shoes,2017-09,,
7699,Oceania,Shoes,2017-10,15.0,10475.55
7700,Oceania,Shoes,2017-12,,
7701,Oceania,Shoes,2018-01,,
7702,Oceania,Shoes,2018-02,,
7703,Oceania,Shoes,2018-03,7.0,3583.62
7704,Oceania,Shoes,2018-04,16.0,8241.74
7705,Oceania,Shoes,2018-05,9.0,6767.82
7706,Oceania,Shoes,2018-06,6.0,4924.26
7707,Oceania,Shoes,2018-07,11.0,4485.14
7708,Oceania,Shoes,2018-08,11.0,3144.58
7709,Oceania,Shoes,2018-09,5.0,2034.45
7710,Oceania,Shoes,2018-10,4.0,3801.6
7711,Oceania,Shoes,2018-11,3.0,1980.68
7712,Oceania,Shoes,2018-12,1.0,296.24
7713,Oceania,Shoes,2019-01,15.0,7652.089999999999
7714,Oceania,Shoes,2019-02,4.0,830.9599999999999
7715,Oceania,Shoes,2019-03,3.0,1014.5999999999999
7716,Oceania,Shoes,2019-04,6.0,966.6
7717,Oceania,Shoes,2019-05,6.0,809.4
7718,Oceania,Shoes,2019-06,,
7719,Oceania,Shoes,2019-07,4.0,2718.0
7720,Oceania,Shoes,2019-08,2.0,762.5999999999999
7721,Oceania,Shoes,2019-09,1.0,167.04
7722,Oceania,Shoes,2019-10,,
7723,Oceania,Shoes,2019-12,16.0,9019.0
7724,Oceania,Shoes,2020-01,13.0,5973.95
7725,Oceania,Shoes,2020-02,8.0,3152.2400000000002
7726,Oceania,Shoes,2020-03,8.0,6241.6900000000005
7727,Oceania,Shoes,2020-04,,
7728,Oceania,Shoes,2020-05,,
7729,Oceania,Shoes,2020-06,,
7730,Oceania,Shoes,2020-07,4.0,1614.4799999999998
7731,Oceania,Shoes,2020-08,28.0,10988.46
7732,Oceania,Shoes,2020-09,,
7733,Oceania,Shoes,2020-10,9.0,1128.6
7734,Oceania,Shoes,2020-11,,
7735,Oceania,Shoes,2020-12,5.0,3486.5
7736,Oceania,Shoes,2016-07,1.0,612.48
7737,Oceania,Shoes,2016-08,22.0,8549.66
7738,Oceania,Shoes,2017-11,8.0,3819.84
7739,Oceania,Shoes,2019-11,4.0,316.8
7740,Oceania,Sports,2016-01,,
7741,Oceania,Sports,2016-02,17.0,14645.6
7742,Oceania,Sports,2016-03,18.0,7513.2
7743,Oceania,Sports,2016-04,4.0,2177.4
7744,Oceania,Sports,2016-05,10.0,8415.0
7745,Oceania,Sports,2016-06,4.0,2332.44
7746,Oceania,Sports,2016-09,3.0,1675.8
7747,Oceania,Sports,2016-10,25.0,11351.82
7748,Oceania,Sports,2016-11,6.0,2985.2999999999997
7749,Oceania,Sports,2016-12,11.0,5676.86
7750,Oceania,Sports,2017-01,8.0,2803.6400000000003
7751,Oceania,Sports,2017-02,7.0,1461.88
7752,Oceania,Sports,2017-03,35.0,13785.210000000001
7753,Oceania,Sports,2017-04,,
7754,Oceania,Sports,2017-05,11.0,3459.99
7755,Oceania,Sports,2017-06,21.0,9809.5
7756,Oceania,Sports,2017-07,9.0,4949.91
7757,Oceania,Sports,2017-08,,
7758,Oceania,Sports,2017-09,,
7759,Oceania,Sports,2017-10,2.0,1853.6799999999998
7760,Oceania,Sports,2017-12,13.0,8557.019999999999
7761,Oceania,Sports,2018-01,7.0,2198.16
7762,Oceania,Sports,2018-02,19.0,6135.34
7763,Oceania,Sports,2018-03,,
7764,Oceania,Sports,2018-04,4.0,2346.24
7765,Oceania,Sports,2018-05,9.0,8277.93
7766,Oceania,Sports,2018-06,7.0,2546.95
7767,Oceania,Sports,2018-07,1.0,579.84
7768,Oceania,Sports,2018-08,2.0,1456.0
7769,Oceania,Sports,2018-09,2.0,1224.8600000000001
7770,Oceania,Sports,2018-10,8.0,4322.32
7771,Oceania,Sports,2018-11,,
7772,Oceania,Sports,2018-12,,
7773,Oceania,Sports,2019-01,12.0,4150.17
7774,Oceania,Sports,2019-02,9.0,4522.139999999999
7775,Oceania,Sports,2019-03,2.0,1737.0
7776,Oceania,Sports,2019-04,,
7777,Oceania,Sports,2019-05,4.0,54.879999999999995
7778,Oceania,Sports,2019-06,5.0,2873.7
7779,Oceania,Sports,2019-07,8.0,478.79999999999995
7780,Oceania,Sports,2019-08,3.0,1649.34
7781,Oceania,Sports,2019-09,4.0,2584.4
7782,Oceania,Sports,2019-10,9.0,3734.7
7783,Oceania,Sports,2019-12,13.0,1830.4
7784,Oceania,Sports,2020-01,16.0,3424.66
7785,Oceania,Sports,2020-02,7.0,3930.29
7786,Oceania,Sports,2020-03,1.0,678.6
7787,Oceania,Sports,2020-04,17.0,9307.47
7788,Oceania,Sports,2020-05,4.0,1244.56
7789,Oceania,Sports,2020-06,18.0,11402.64
7790,Oceania,Sports,2020-07,4.0,2245.74
7791,Oceania,Sports,2020-08,,
7792,Oceania,Sports,2020-09,10.0,1746.0
7793,Oceania,Sports,2020-10,,
7794,Oceania,Sports,2020-11,9.0,6491.52
7795,Oceania,Sports,2020-12,2.0,1603.32
7796,Oceania,Sports,2016-07,19.0,6959.34
7797,Oceania,Sports,2016-08,,
7798,Oceania,Sports,2017-11,6.0,1722.24
7799,Oceania,Sports,2019-11,,
7800,Oceania,Tools,2016-01,6.0,5057.28
7801,Oceania,Tools,2016-02,13.0,5910.42
7802,Oceania,Tools,2016-03,28.0,20057.5
7803,Oceania,Tools,2016-04,,
7804,Oceania,Tools,2016-05,17.0,6293.16
7805,Oceania,Tools,2016-06,9.0,2334.15
7806,Oceania,Tools,2016-09,,
7807,Oceania,Tools,2016-10,19.0,8251.77
7808,Oceania,Tools,2016-11,12.0,8900.92
7809,Oceania,Tools,2016-12,12.0,5790.08
7810,Oceania,Tools,2017-01,,
7811,Oceania,Tools,2017-02,2.0,199.92
7812,Oceania,Tools,2017-03,16.0,5660.96
7813,Oceania,Tools,2017-04,10.0,327.6
7814,Oceania,Tools,2017-05,7.0,3862.18
7815,Oceania,Tools,2017-06,7.0,780.9300000000001
7816,Oceania,Tools,2017-07,1.0,792.0
7817,Oceania,Tools,2017-08,20.0,12938.72
7818,Oceania,Tools,2017-09,10.0,2711.72
7819,Oceania,Tools,2017-10,13.0,2382.0
7820,Oceania,Tools,2017-12,2.0,831.04
7821,Oceania,Tools,2018-01,13.0,3484.2799999999997
7822,Oceania,Tools,2018-02,8.0,1821.6
7823,Oceania,Tools,2018-03,9.0,4201.47
7824,Oceania,Tools,2018-04,7.0,3258.2
7825,Oceania,Tools,2018-05,,
7826,Oceania,Tools,2018-06,10.0,7048.8
7827,Oceania,Tools,2018-07,2.0,89.28
7828,Oceania,Tools,2018-08,16.0,8800.8
7829,Oceania,Tools,2018-09,28.0,11772.94
7830,Oceania,Tools,2018-10,12.0,1855.6399999999999
7831,Oceania,Tools,2018-11,,
7832,Oceania,Tools,2018-12,7.0,4650.42
7833,Oceania,Tools,2019-01,12.0,8465.439999999999
7834,Oceania,Tools,2019-02,6.0,2882.88
7835,Oceania,Tools,2019-03,9.0,7944.3
7836,Oceania,Tools,2019-04,20.0,13827.0
7837,Oceania,Tools,2019-05,,
7838,Oceania,Tools,2019-06,7.0,2903.67
7839,Oceania,Tools,2019-07,11.0,8393.24
7840,Oceania,Tools,2019-08,13.0,6490.2
7841,Oceania,Tools,2019-09,6.0,1866.84
7842,Oceania,Tools,2019-10,10.0,3554.9
7843,Oceania,Tools,2019-12,11.0,4298.58
7844,Oceania,Tools,2020-01,8.0,2383.92
7845,Oceania,Tools,2020-02,13.0,10277.189999999999
7846,Oceania,Tools,2020-03,18.0,9830.98
7847,Oceania,Tools,2020-04,16.0,3969.45
7848,Oceania,Tools,2020-05,2.0,351.14
7849,Oceania,Tools,2020-06,11.0,9405.91
7850,Oceania,Tools,2020-07,9.0,761.4
7851,Oceania,Tools,2020-08,10.0,5198.53
7852,Oceania,Tools,2020-09,18.0,485.76
7853,Oceania,Tools,2020-10,6.0,4362.96
7854,Oceania,Tools,2020-11,,
7855,Oceania,Tools,2020-12,10.0,6534.0
7856,Oceania,Tools,2016-07,20.0,8825.69
7857,Oceania,Tools,2016-08,6.0,4210.5599999999995
7858,Oceania,Tools,2017-11,12.0,2028.6
7859,Oceania,Tools,2019-11,,
7860,Oceania,Toys,2016-01,,
7861,Oceania,Toys,2016-02,11.0,4853.58
7862,Oceania,Toys,2016-03,10.0,4600.0
7863,Oceania,Toys,2016-04,8.0,4411.68
7864,Oceania,Toys,2016-05,9.0,3289.2
7865,Oceania,Toys,2016-06,6.0,1352.3999999999999
7866,Oceania,Toys,2016-09,,
7867,Oceania,Toys,2016-10,,
7868,Oceania,Toys,2016-11,,
7869,Oceania,Toys,2016-12,14.0,4314.219999999999
7870,Oceania,Toys,2017-01,9.0,6740.37
7871,Oceania,Toys,2017-02,5.0,1870.84
7872,Oceania,Toys,2017-03,11.0,8576.16
7873,Oceania,Toys,2017-04,17.0,6832.67
7874,Oceania,Toys,2017-05,,
7875,Oceania,Toys,2017-06,,
7876,Oceania,Toys,2017-07,3.0,2387.88
7877,Oceania,Toys,2017-08,,
7878,Oceania,Toys,2017-09,17.0,6287.76
7879,Oceania,Toys,2017-10,,
7880,Oceania,Toys,2017-12,13.0,7917.33
7881,Oceania,Toys,2018-01,9.0,5273.450000000001
7882,Oceania,Toys,2018-02,1.0,451.25
7883,Oceania,Toys,2018-03,8.0,5111.28
7884,Oceania,Toys,2018-04,21.0,8231.67
7885,Oceania,Toys,2018-05,,
7886,Oceania,Toys,2018-06,10.0,5952.400000000001
7887,Oceania,Toys,2018-07,5.0,896.6999999999999
7888,Oceania,Toys,2018-08,4.0,433.85999999999996
7889,Oceania,Toys,2018-09,4.0,2661.68
7890,Oceania,Toys,2018-10,14.0,11850.880000000001
7891,Oceania,Toys,2018-11,4.0,2850.0
7892,Oceania,Toys,2018-12,,
7893,Oceania,Toys,2019-01,10.0,798.0
7894,Oceania,Toys,2019-02,,
7895,Oceania,Toys,2019-03,3.0,2784.18
7896,Oceania,Toys,2019-04,17.0,9132.960000000001
7897,Oceania,Toys,2019-05,15.0,7990.709999999999
7898,Oceania,Toys,2019-06,16.0,4877.5
7899,Oceania,Toys,2019-07,7.0,6321.209999999999
7900,Oceania,Toys,2019-08,17.0,10307.38
7901,Oceania,Toys,2019-09,7.0,3837.0499999999997
7902,Oceania,Toys,2019-10,14.0,8723.880000000001
7903,Oceania,Toys,2019-12,12.0,6011.61
7904,Oceania,Toys,2020-01,7.0,6310.219999999999
7905,Oceania,Toys,2020-02,,
7906,Oceania,Toys,2020-03,2.0,1398.7199999999998
7907,Oceania,Toys,2020-04,,
7908,Oceania,Toys,2020-05,5.0,3138.39
7909,Oceania,Toys,2020-06,,
7910,Oceania,Toys,2020-07,,
7911,Oceania,Toys,2020-08,,
7912,Oceania,Toys,2020-09,2.0,1880.0
7913,Oceania,Toys,2020-10,17.0,7757.45
7914,Oceania,Toys,2020-11,,
7915,Oceania,Toys,2020-12,,
7916,Oceania,Toys,2016-07,3.0,2017.5600000000002
7917,Oceania,Toys,2016-08,,
7918,Oceania,Toys,2017-11,,
7919,Oceania,Toys,2019-11,18.0,7302.4
7920,South America,Automotive,2016-01,,
7921,South America,Automotive,2016-02,9.0,6076.98
7922,South America,Automotive,2016-03,5.0,3625.2000000000003
7923,South America,Automotive,2016-04,,
7924,South America,Automotive,2016-05,2.0,1187.76
7925,South America,Automotive,2016-06,,
7926,South America,Automotive,2016-09,,
7927,South America,Automotive,2016-10,10.0,3864.7400000000002
7928,South America,Automotive,2016-11,14.0,9115.92
7929,South America,Automotive,2016-12,6.0,4213.76
7930,South America,Automotive,2017-01,,
7931,South America,Automotive,2017-02,,
7932,South America,Automotive,2017-03,,
7933,South America,Automotive,2017-04,,
7934,South America,Automotive,2017-05,9.0,234.9
7935,South America,Automotive,2017-06,,
7936,South America,Automotive,2017-07,1.0,365.24
7937,South America,Automotive,2017-08,,
7938,South America,Automotive,2017-09,4.0,2494.8
7939,South America,Automotive,2017-10,6.0,5034.12
7940,South America,Automotive,2017-12,,
7941,South America,Automotive,2018-01,,
7942,South America,Automotive,2018-02,,
7943,South America,Automotive,2018-03,,
7944,South America,Automotive,2018-04,,
7945,South America,Automotive,2018-05,,
7946,South America,Automotive,2018-06,16.0,2137.86
7947,South America,Automotive,2018-07,5.0,1654.3999999999999
7948,South America,Automotive,2018-08,,
7949,South America,Automotive,2018-09,10.0,1537.9
7950,South America,Automotive,2018-10,9.0,3346.8900000000003
7951,South America,Automotive,2018-11,1.0,802.56
7952,South America,Automotive,2018-12,,
7953,South America,Automotive,2019-01,10.0,2714.6
7954,South America,Automotive,2019-02,,
7955,South America,Automotive,2019-03,,
7956,South America,Automotive,2019-04,,
7957,South America,Automotive,2019-05,,
7958,South America,Automotive,2019-06,5.0,1407.6000000000001
7959,South America,Automotive,2019-07,3.0,1611.8400000000001
7960,South America,Automotive,2019-08,2.0,1810.02
7961,South America,Automotive,2019-09,3.0,1570.77
7962,South America,Automotive,2019-10,,
7963,South America,Automotive,2019-12,,
7964,South America,Automotive,2020-01,8.0,3968.4
7965,South America,Automotive,2020-02,,
7966,South America,Automotive,2020-03,6.0,5290.74
7967,South America,Automotive,2020-04,,
7968,South America,Automotive,2020-05,,
7969,South America,Automotive,2020-06,,
7970,South America,Automotive,2020-07,,
7971,South America,Automotive,2020-08,8.0,4229.2
7972,South America,Automotive,2020-09,,
7973,South America,Automotive,2020-10,10.0,409.5
7974,South America,Automotive,2020-11,,
7975,South America,Automotive,2020-12,11.0,5156.1
7976,South America,Automotive,2016-07,18.0,7084.4
7977,South America,Automotive,2016-08,,
7978,South America,Automotive,2017-11,15.0,7513.02
7979,South America,Automotive,2019-11,15.0,7867.65
7980,South America,Baby,2016-01,6.0,1992.96
7981,South America,Baby,2016-02,,
7982,South America,Baby,2016-03,,
7983,South America,Baby,2016-04,,
7984,South America,Baby,2016-05,,
7985,South America,Baby,2016-06,,
7986,South America,Baby,2016-09,,
7987,South America,Baby,2016-10,5.0,4393.75
7988,South America,Baby,2016-11,4.0,2569.84
7989,South America,Baby,2016-12,,
7990,South America,Baby,2017-01,10.0,7107.1
7991,South America,Baby,2017-02,,
7992,South America,Baby,2017-03,,
7993,South America,Baby,2017-04,7.0,5072.13
7994,South America,Baby,2017-05,11.0,2090.64
7995,South America,Baby,2017-06,9.0,4917.400000000001
7996,South America,Baby,2017-07,1.0,769.12
7997,South America,Baby,2017-08,,
7998,South America,Baby,2017-09,,
7999,South America,Baby,2017-10,,
8000,South America,Baby,2017-12,8.0,6985.35
8001,South America,Baby,2018-01,4.0,3053.16
8002,South America,Baby,2018-02,,
8003,South America,Baby,2018-03,6.0,1124.76
8004,South America,Baby,2018-04,3.0,214.82999999999998
8005,South America,Baby,2018-05,,
8006,South America,Baby,2018-06,,
8007,South America,Baby,2018-07,,
8008,South America,Baby,2018-08,10.0,1706.56
8009,South America,Baby,2018-09,16.0,5923.4400000000005
8010,South America,Baby,2018-10,,
8011,South America,Baby,2018-11,8.0,2391.3599999999997
8012,South America,Baby,2018-12,,
8013,South America,Baby,2019-01,13.0,3288.0199999999995
8014,South America,Baby,2019-02,,
8015,South America,Baby,2019-03,8.0,349.67999999999995
8016,South America,Baby,2019-04,5.0,1706.55
8017,South America,Baby,2019-05,,
8018,South America,Baby,2019-06,13.0,3440.0299999999997
8019,South America,Baby,2019-07,2.0,1551.0
8020,South America,Baby,2019-08,3.0,1493.3999999999999
8021,South America,Baby,2019-09,,
8022,South America,Baby,2019-10,1.0,576.84
8023,South America,Baby,2019-12,,
8024,South America,Baby,2020-01,2.0,549.12
8025,South America,Baby,2020-02,,
8026,South America,Baby,2020-03,,
8027,South America,Baby,2020-04,,
8028,South America,Baby,2020-05,4.0,3728.68
8029,South America,Baby,2020-06,8.0,1193.2
8030,South America,Baby,2020-07,,
8031,South America,Baby,2020-08,,
8032,South America,Baby,2020-09,,
8033,South America,Baby,2020-10,,
8034,South America,Baby,2020-11,12.0,1327.08
8035,South America,Baby,2020-12,1.0,618.24
8036,South America,Baby,2016-07,,
8037,South America,Baby,2016-08,10.0,1359.0
8038,South America,Baby,2017-11,,
8039,South America,Baby,2019-11,,
8040,South America,Beauty,2016-01,9.0,6207.03
8041,South America,Beauty,2016-02,,
8042,South America,Beauty,2016-03,,
8043,South America,Beauty,2016-04,5.0,2826.0
8044,South America,Beauty,2016-05,,
8045,South America,Beauty,2016-06,6.0,1344.78
8046,South America,Beauty,2016-09,,
8047,South America,Beauty,2016-10,,
8048,South America,Beauty,2016-11,13.0,4754.32
8049,South America,Beauty,2016-12,7.0,2285.7799999999997
8050,South America,Beauty,2017-01,,
8051,South America,Beauty,2017-02,8.0,6576.959999999999
8052,South America,Beauty,2017-03,1.0,494.13
8053,South America,Beauty,2017-04,5.0,1805.0
8054,South America,Beauty,2017-05,,
8055,South America,Beauty,2017-06,,
8056,South America,Beauty,2017-07,,
8057,South America,Beauty,2017-08,18.0,11126.5
8058,South America,Beauty,2017-09,12.0,6445.17
8059,South America,Beauty,2017-10,,
8060,South America,Beauty,2017-12,8.0,1571.6799999999998
8061,South America,Beauty,2018-01,8.0,131.07999999999998
8062,South America,Beauty,2018-02,16.0,12906.57
8063,South America,Beauty,2018-03,,
8064,South America,Beauty,2018-04,1.0,823.68
8065,South America,Beauty,2018-05,,
8066,South America,Beauty,2018-06,12.0,8614.8
8067,South America,Beauty,2018-07,,
8068,South America,Beauty,2018-08,,
8069,South America,Beauty,2018-09,,
8070,South America,Beauty,2018-10,13.0,7014.209999999999
8071,South America,Beauty,2018-11,,
8072,South America,Beauty,2018-12,,
8073,South America,Beauty,2019-01,,
8074,South America,Beauty,2019-02,,
8075,South America,Beauty,2019-03,,
8076,South America,Beauty,2019-04,,
8077,South America,Beauty,2019-05,,
8078,South America,Beauty,2019-06,,
8079,South America,Beauty,2019-07,,
8080,South America,Beauty,2019-08,,
8081,South America,Beauty,2019-09,,
8082,South America,Beauty,2019-10,,
8083,South America,Beauty,2019-12,,
8084,South America,Beauty,2020-01,12.0,9328.14
8085,South America,Beauty,2020-02,5.0,2575.6
8086,South America,Beauty,2020-03,6.0,4449.06
8087,South America,Beauty,2020-04,8.0,4307.759999999999
8088,South America,Beauty,2020-05,10.0,2244.8
8089,South America,Beauty,2020-06,5.0,1304.6499999999999
8090,South America,Beauty,2020-07,,
8091,South America,Beauty,2020-08,,
8092,South America,Beauty,2020-09,,
8093,South America,Beauty,2020-10,,
8094,South America,Beauty,2020-11,,
8095,South America,Beauty,2020-12,,
8096,South America,Beauty,2016-07,1.0,835.38
8097,South America,Beauty,2016-08,,
8098,South America,Beauty,2017-11,12.0,9010.56
8099,South America,Beauty,2019-11,,
8100,South America,Books,2016-01,1.0,461.28
8101,South America,Books,2016-02,6.0,2704.7999999999997
8102,South America,Books,2016-03,4.0,1575.84
8103,South America,Books,2016-04,6.0,5238.4800000000005
8104,South America,Books,2016-05,,
8105,South America,Books,2016-06,,
8106,South America,Books,2016-09,17.0,3098.16
8107,South America,Books,2016-10,,
8108,South America,Books,2016-11,5.0,1348.8999999999999
8109,South America,Books,2016-12,6.0,4348.44
8110,South America,Books,2017-01,,
8111,South America,Books,2017-02,5.0,363.40000000000003
8112,South America,Books,2017-03,,
8113,South America,Books,2017-04,,
8114,South America,Books,2017-05,9.0,7371.0
8115,South America,Books,2017-06,,
8116,South America,Books,2017-07,9.0,1649.97
8117,South America,Books,2017-08,3.0,1143.45
8118,South America,Books,2017-09,,
8119,South America,Books,2017-10,3.0,484.11
8120,South America,Books,2017-12,,
8121,South America,Books,2018-01,,
8122,South America,Books,2018-02,,
8123,South America,Books,2018-03,,
8124,South America,Books,2018-04,19.0,5073.14
8125,South America,Books,2018-05,6.0,684.48
8126,South America,Books,2018-06,1.0,620.8
8127,South America,Books,2018-07,3.0,375.39
8128,South America,Books,2018-08,,
8129,South America,Books,2018-09,,
8130,South America,Books,2018-10,,
8131,South America,Books,2018-11,4.0,2131.92
8132,South America,Books,2018-12,,
8133,South America,Books,2019-01,,
8134,South America,Books,2019-02,,
8135,South America,Books,2019-03,6.0,3830.88
8136,South America,Books,2019-04,6.0,223.2
8137,South America,Books,2019-05,,
8138,South America,Books,2019-06,8.0,76.8
8139,South America,Books,2019-07,,
8140,South America,Books,2019-08,,
8141,South America,Books,2019-09,,
8142,South America,Books,2019-10,,
8143,South America,Books,2019-12,13.0,5070.08
8144,South America,Books,2020-01,,
8145,South America,Books,2020-02,,
8146,South America,Books,2020-03,7.0,4758.8099999999995
8147,South America,Books,2020-04,7.0,3449.3199999999997
8148,South America,Books,2020-05,,
8149,South America,Books,2020-06,,
8150,South America,Books,2020-07,3.0,2075.52
8151,South America,Books,2020-08,,
8152,South America,Books,2020-09,,
8153,South America,Books,2020-10,,
8154,South America,Books,2020-11,3.0,896.6999999999999
8155,South America,Books,2020-12,,
8156,South America,Books,2016-07,4.0,1307.56
8157,South America,Books,2016-08,5.0,2454.9
8158,South America,Books,2017-11,,
8159,South America,Books,2019-11,11.0,3368.91
8160,South America,Clothing,2016-01,,
8161,South America,Clothing,2016-02,,
8162,South America,Clothing,2016-03,,
8163,South America,Clothing,2016-04,,
8164,South America,Clothing,2016-05,2.0,318.78
8165,South America,Clothing,2016-06,,
8166,South America,Clothing,2016-09,,
8167,South America,Clothing,2016-10,,
8168,South America,Clothing,2016-11,11.0,6593.799999999999
8169,South America,Clothing,2016-12,8.0,1944.32
8170,South America,Clothing,2017-01,,
8171,South America,Clothing,2017-02,,
8172,South America,Clothing,2017-03,,
8173,South America,Clothing,2017-04,7.0,576.24
8174,South America,Clothing,2017-05,,
8175,South America,Clothing,2017-06,,
8176,South America,Clothing,2017-07,10.0,4427.4
8177,South America,Clothing,2017-08,,
8178,South America,Clothing,2017-09,,
8179,South America,Clothing,2017-10,,
8180,South America,Clothing,2017-12,,
8181,South America,Clothing,2018-01,1.0,586.56
8182,South America,Clothing,2018-02,,
8183,South America,Clothing,2018-03,,
8184,South America,Clothing,2018-04,,
8185,South America,Clothing,2018-05,5.0,3846.5
8186,South America,Clothing,2018-06,,
8187,South America,Clothing,2018-07,5.0,3271.5
8188,South America,Clothing,2018-08,10.0,7277.200000000001
8189,South America,Clothing,2018-09,,
8190,South America,Clothing,2018-10,,
8191,South America,Clothing,2018-11,1.0,958.36
8192,South America,Clothing,2018-12,,
8193,South America,Clothing,2019-01,,
8194,South America,Clothing,2019-02,7.0,1335.74
8195,South America,Clothing,2019-03,2.0,539.3199999999999
8196,South America,Clothing,2019-04,5.0,1992.8
8197,South America,Clothing,2019-05,,
8198,South America,Clothing,2019-06,,
8199,South America,Clothing,2019-07,,
8200,South America,Clothing,2019-08,7.0,5852.49
8201,South America,Clothing,2019-09,15.0,12836.04
8202,South America,Clothing,2019-10,,
8203,South America,Clothing,2019-12,,
8204,South America,Clothing,2020-01,,
8205,South America,Clothing,2020-02,2.0,1517.1599999999999
8206,South America,Clothing,2020-03,7.0,3138.24
8207,South America,Clothing,2020-04,10.0,1988.5
8208,South America,Clothing,2020-05,,
8209,South America,Clothing,2020-06,9.0,6687.179999999999
8210,South America,Clothing,2020-07,19.0,9035.55
8211,South America,Clothing,2020-08,,
8212,South America,Clothing,2020-09,,
8213,South America,Clothing,2020-10,,
8214,South America,Clothing,2020-11,7.0,2415.21
8215,South America,Clothing,2020-12,,
8216,South America,Clothing,2016-07,,
8217,South America,Clothing,2016-08,7.0,3430.0
8218,South America,Clothing,2017-11,3.0,2399.7599999999998
8219,South America,Clothing,2019-11,,
8220,South America,Computers,2016-01,,
8221,South America,Computers,2016-02,18.0,13217.76
8222,South America,Computers,2016-03,,
8223,South America,Computers,2016-04,,
8224,South America,Computers,2016-05,,
8225,South America,Computers,2016-06,,
8226,South America,Computers,2016-09,,
8227,South America,Computers,2016-10,,
8228,South America,Computers,2016-11,,
8229,South America,Computers,2016-12,,
8230,South America,Computers,2017-01,11.0,7334.49
8231,South America,Computers,2017-02,6.0,5072.88
8232,South America,Computers,2017-03,,
8233,South America,Computers,2017-04,10.0,3465.0
8234,South America,Computers,2017-05,10.0,7871.5
8235,South America,Computers,2017-06,,
8236,South America,Computers,2017-07,7.0,3451.84
8237,South America,Computers,2017-08,9.0,6587.19
8238,South America,Computers,2017-09,,
8239,South America,Computers,2017-10,,
8240,South America,Computers,2017-12,17.0,9941.939999999999
8241,South America,Computers,2018-01,3.0,898.38
8242,South America,Computers,2018-02,14.0,6830.279999999999
8243,South America,Computers,2018-03,10.0,4850.3
8244,South America,Computers,2018-04,,
8245,South America,Computers,2018-05,,
8246,South America,Computers,2018-06,5.0,1668.3999999999999
8247,South America,Computers,2018-07,5.0,2193.1
8248,South America,Computers,2018-08,,
8249,South America,Computers,2018-09,9.0,160.38
8250,South America,Computers,2018-10,,
8251,South America,Computers,2018-11,,
8252,South America,Computers,2018-12,6.0,746.6999999999999
8253,South America,Computers,2019-01,4.0,2249.6
8254,South America,Computers,2019-02,8.0,4035.6
8255,South America,Computers,2019-03,,
8256,South America,Computers,2019-04,,
8257,South America,Computers,2019-05,22.0,9863.91
8258,South America,Computers,2019-06,8.0,4127.76
8259,South America,Computers,2019-07,12.0,5158.5
8260,South America,Computers,2019-08,9.0,4828.139999999999
8261,South America,Computers,2019-09,,
8262,South America,Computers,2019-10,2.0,1561.8
8263,South America,Computers,2019-12,2.0,1495.8
8264,South America,Computers,2020-01,7.0,4857.3
8265,South America,Computers,2020-02,2.0,307.58
8266,South America,Computers,2020-03,,
8267,South America,Computers,2020-04,12.0,3681.3599999999997
8268,South America,Computers,2020-05,2.0,190.07999999999998
8269,South America,Computers,2020-06,3.0,1793.9699999999998
8270,South America,Computers,2020-07,6.0,5262.84
8271,South America,Computers,2020-08,,
8272,South America,Computers,2020-09,10.0,2241.0
8273,South America,Computers,2020-10,2.0,939.6
8274,South America,Computers,2020-11,16.0,4871.580000000001
8275,South America,Computers,2020-12,,
8276,South America,Computers,2016-07,,
8277,South America,Computers,2016-08,,
8278,South America,Computers,2017-11,,
8279,South America,Computers,2019-11,,
8280,South America,Electronics,2016-01,6.0,1578.72
8281,South America,Electronics,2016-02,,
8282,South America,Electronics,2016-03,6.0,3626.52
8283,South America,Electronics,2016-04,,
8284,South America,Electronics,2016-05,4.0,1959.3999999999999
8285,South America,Electronics,2016-06,10.0,4342.400000000001
8286,South America,Electronics,2016-09,4.0,411.59999999999997
8287,South America,Electronics,2016-10,,
8288,South America,Electronics,2016-11,2.0,939.3
8289,South America,Electronics,2016-12,,
8290,South America,Electronics,2017-01,7.0,2715.3
8291,South America,Electronics,2017-02,8.0,1322.3999999999999
8292,South America,Electronics,2017-03,14.0,5844.66
8293,South America,Electronics,2017-04,,
8294,South America,Electronics,2017-05,,
8295,South America,Electronics,2017-06,,
8296,South America,Electronics,2017-07,16.0,9130.960000000001
8297,South America,Electronics,2017-08,,
8298,South America,Electronics,2017-09,,
8299,South America,Electronics,2017-10,,
8300,South America,Electronics,2017-12,,
8301,South America,Electronics,2018-01,13.0,9137.16
8302,South America,Electronics,2018-02,6.0,2287.7400000000002
8303,South America,Electronics,2018-03,,
8304,South America,Electronics,2018-04,1.0,855.0
8305,South America,Electronics,2018-05,3.0,640.32
8306,South America,Electronics,2018-06,,
8307,South America,Electronics,2018-07,9.0,6141.599999999999
8308,South America,Electronics,2018-08,,
8309,South America,Electronics,2018-09,1.0,547.8199999999999
8310,South America,Electronics,2018-10,,
8311,South America,Electronics,2018-11,4.0,3188.2
8312,South America,Electronics,2018-12,,
8313,South America,Electronics,2019-01,9.0,3483.9
8314,South America,Electronics,2019-02,13.0,7447.7
8315,South America,Electronics,2019-03,,
8316,South America,Electronics,2019-04,,
8317,South America,Electronics,2019-05,7.0,3300.29
8318,South America,Electronics,2019-06,,
8319,South America,Electronics,2019-07,,
8320,South America,Electronics,2019-08,,
8321,South America,Electronics,2019-09,,
8322,South America,Electronics,2019-10,,
8323,South America,Electronics,2019-12,10.0,7506.0
8324,South America,Electronics,2020-01,2.0,710.82
8325,South America,Electronics,2020-02,,
8326,South America,Electronics,2020-03,,
8327,South America,Electronics,2020-04,,
8328,South America,Electronics,2020-05,2.0,49.92
8329,South America,Electronics,2020-06,,
8330,South America,Electronics,2020-07,,
8331,South America,Electronics,2020-08,10.0,3346.5
8332,South America,Electronics,2020-09,,
8333,South America,Electronics,2020-10,,
8334,South America,Electronics,2020-11,,
8335,South America,Electronics,2020-12,23.0,7968.610000000001
8336,South America,Electronics,2016-07,,
8337,South America,Electronics,2016-08,,
8338,South America,Electronics,2017-11,,
8339,South America,Electronics,2019-11,,
8340,South America,Games,2016-01,16.0,1102.8
8341,South America,Games,2016-02,,
8342,South America,Games,2016-03,,
8343,South America,Games,2016-04,7.0,2131.64
8344,South America,Games,2016-05,,
8345,South America,Games,2016-06,,
8346,South America,Games,2016-09,,
8347,South America,Games,2016-10,3.0,891.48
8348,South America,Games,2016-11,6.0,1913.9399999999998
8349,South America,Games,2016-12,8.0,3340.7999999999997
8350,South America,Games,2017-01,2.0,782.8
8351,South America,Games,2017-02,,
8352,South America,Games,2017-03,,
8353,South America,Games,2017-04,,
8354,South America,Games,2017-05,,
8355,South America,Games,2017-06,3.0,1143.45
8356,South America,Games,2017-07,13.0,7486.46
8357,South America,Games,2017-08,,
8358,South America,Games,2017-09,29.0,12185.8
8359,South America,Games,2017-10,3.0,1366.2
8360,South America,Games,2017-12,,
8361,South America,Games,2018-01,7.0,705.6
8362,South America,Games,2018-02,4.0,2449.92
8363,South America,Games,2018-03,,
8364,South America,Games,2018-04,6.0,5668.68
8365,South America,Games,2018-05,,
8366,South America,Games,2018-06,7.0,4179.089999999999
8367,South America,Games,2018-07,,
8368,South America,Games,2018-08,,
8369,South America,Games,2018-09,6.0,1613.04
8370,South America,Games,2018-10,,
8371,South America,Games,2018-11,,
8372,South America,Games,2018-12,8.0,3777.84
8373,South America,Games,2019-01,3.0,705.6
8374,South America,Games,2019-02,,
8375,South America,Games,2019-03,10.0,2735.3999999999996
8376,South America,Games,2019-04,,
8377,South America,Games,2019-05,,
8378,South America,Games,2019-06,4.0,1415.26
8379,South America,Games,2019-07,1.0,496.86
8380,South America,Games,2019-08,6.0,631.68
8381,South America,Games,2019-09,4.0,863.04
8382,South America,Games,2019-10,12.0,10557.359999999999
8383,South America,Games,2019-12,2.0,96.72
8384,South America,Games,2020-01,,
8385,South America,Games,2020-02,3.0,929.0999999999999
8386,South America,Games,2020-03,,
8387,South America,Games,2020-04,,
8388,South America,Games,2020-05,,
8389,South America,Games,2020-06,6.0,2699.68
8390,South America,Games,2020-07,3.0,341.21999999999997
8391,South America,Games,2020-08,,
8392,South America,Games,2020-09,,
8393,South America,Games,2020-10,,
8394,South America,Games,2020-11,,
8395,South America,Games,2020-12,,
8396,South America,Games,2016-07,10.0,822.14
8397,South America,Games,2016-08,5.0,578.1
8398,South America,Games,2017-11,12.0,6055.0599999999995
8399,South America,Games,2019-11,5.0,2056.4
8400,South America,Garden,2016-01,7.0,3285.94
8401,South America,Garden,2016-02,,
8402,South America,Garden,2016-03,,
8403,South America,Garden,2016-04,,
8404,South America,Garden,2016-05,,
8405,South America,Garden,2016-06,,
8406,South America,Garden,2016-09,,
8407,South America,Garden,2016-10,5.0,2411.5
8408,South America,Garden,2016-11,2.0,1451.36
8409,South America,Garden,2016-12,,
8410,South America,Garden,2017-01,,
8411,South America,Garden,2017-02,,
8412,South America,Garden,2017-03,7.0,3578.33
8413,South America,Garden,2017-04,,
8414,South America,Garden,2017-05,,
8415,South America,Garden,2017-06,,
8416,South America,Garden,2017-07,,
8417,South America,Garden,2017-08,,
8418,South America,Garden,2017-09,7.0,548.8
8419,South America,Garden,2017-10,4.0,1339.52
8420,South America,Garden,2017-12,9.0,7010.19
8421,South America,Garden,2018-01,4.0,41.36
8422,South America,Garden,2018-02,5.0,3804.75
8423,South America,Garden,2018-03,7.0,4767.7
8424,South America,Garden,2018-04,6.0,5211.719999999999
8425,South America,Garden,2018-05,3.0,333.96000000000004
8426,South America,Garden,2018-06,9.0,1034.55
8427,South America,Garden,2018-07,,
8428,South America,Garden,2018-08,9.0,1028.43
8429,South America,Garden,2018-09,11.0,4099.63
8430,South America,Garden,2018-10,,
8431,South America,Garden,2018-11,,
8432,South America,Garden,2018-12,4.0,885.6
8433,South America,Garden,2019-01,,
8434,South America,Garden,2019-02,,
8435,South America,Garden,2019-03,,
8436,South America,Garden,2019-04,,
8437,South America,Garden,2019-05,17.0,5487.960000000001
8438,South America,Garden,2019-06,7.0,6307.91
8439,South America,Garden,2019-07,10.0,5310.5
8440,South America,Garden,2019-08,,
8441,South America,Garden,2019-09,3.0,1214.1
8442,South America,Garden,2019-10,,
8443,South America,Garden,2019-12,,
8444,South America,Garden,2020-01,,
8445,South America,Garden,2020-02,,
8446,South America,Garden,2020-03,,
8447,South America,Garden,2020-04,6.0,1755.3600000000001
8448,South America,Garden,2020-05,12.0,5298.469999999999
8449,South America,Garden,2020-06,,
8450,South America,Garden,2020-07,,
8451,South America,Garden,2020-08,,
8452,South America,Garden,2020-09,9.0,4075.82
8453,South America,Garden,2020-10,,
8454,South America,Garden,2020-11,,
8455,South America,Garden,2020-12,,
8456,South America,Garden,2016-07,,
8457,South America,Garden,2016-08,13.0,9567.48
8458,South America,Garden,2017-11,,
8459,South America,Garden,2019-11,6.0,364.56
8460,South America,Grocery,2016-01,,
8461,South America,Grocery,2016-02,3.0,547.1999999999999
8462,South America,Grocery,2016-03,,
8463,South America,Grocery,2016-04,,
8464,South America,Grocery,2016-05,2.0,590.9
8465,South America,Grocery,2016-06,,
8466,South America,Grocery,2016-09,,
8467,South America,Grocery,2016-10,8.0,7341.84
8468,South America,Grocery,2016-11,12.0,8687.7
8469,South America,Grocery,2016-12,15.0,5167.9800000000005
8470,South America,Grocery,2017-01,,
8471,South America,Grocery,2017-02,5.0,1870.05
8472,South America,Grocery,2017-03,,
8473,South America,Grocery,2017-04,,
8474,South America,Grocery,2017-05,,
8475,South America,Grocery,2017-06,,
8476,South America,Grocery,2017-07,1.0,846.3
8477,South America,Grocery,2017-08,9.0,5582.78
8478,South America,Grocery,2017-09,,
8479,South America,Grocery,2017-10,,
8480,South America,Grocery,2017-12,4.0,2590.7200000000003
8481,South America,Grocery,2018-01,,
8482,South America,Grocery,2018-02,10.0,3369.18
8483,South America,Grocery,2018-03,,
8484,South America,Grocery,2018-04,9.0,7233.3
8485,South America,Grocery,2018-05,8.0,3818.08
8486,South America,Grocery,2018-06,1.0,618.4499999999999
8487,South America,Grocery,2018-07,5.0,3499.2
8488,South America,Grocery,2018-08,10.0,739.1999999999999
8489,South America,Grocery,2018-09,10.0,8780.8
8490,South America,Grocery,2018-10,,
8491,South America,Grocery,2018-11,,
8492,South America,Grocery,2018-12,,
8493,South America,Grocery,2019-01,,
8494,South America,Grocery,2019-02,,
8495,South America,Grocery,2019-03,7.0,1699.11
8496,South America,Grocery,2019-04,7.0,4019.96
8497,South America,Grocery,2019-05,5.0,1754.3700000000001
8498,South America,Grocery,2019-06,25.0,9262.04
8499,South America,Grocery,2019-07,,
8500,South America,Grocery,2019-08,,
8501,South America,Grocery,2019-09,,
8502,South America,Grocery,2019-10,2.0,1175.4
8503,South America,Grocery,2019-12,,
8504,South America,Grocery,2020-01,9.0,6861.0599999999995
8505,South America,Grocery,2020-02,,
8506,South America,Grocery,2020-03,,
8507,South America,Grocery,2020-04,7.0,6137.95
8508,South America,Grocery,2020-05,7.0,6525.19
8509,South America,Grocery,2020-06,9.0,5645.370000000001
8510,South America,Grocery,2020-07,,
8511,South America,Grocery,2020-08,,
8512,South America,Grocery,2020-09,,
8513,South America,Grocery,2020-10,19.0,4953.46
8514,South America,Grocery,2020-11,,
8515,South America,Grocery,2020-12,8.0,51.52
8516,South America,Grocery,2016-07,,
8517,South America,Grocery,2016-08,,
8518,South America,Grocery,2017-11,,
8519,South America,Grocery,2019-11,4.0,3150.03
8520,South America,Health,2016-01,,
8521,South America,Health,2016-02,7.0,3353.11
8522,South America,Health,2016-03,,
8523,South America,Health,2016-04,10.0,997.5
8524,South America,Health,2016-05,4.0,808.08
8525,South America,Health,2016-06,6.0,3776.44
8526,South America,Health,2016-09,,
8527,South America,Health,2016-10,,
8528,South America,Health,2016-11,4.0,660.48
8529,South America,Health,2016-12,,
8530,South America,Health,2017-01,,
8531,South America,Health,2017-02,8.0,2391.84
8532,South America,Health,2017-03,,
8533,South America,Health,2017-04,,
8534,South America,Health,2017-05,,
8535,South America,Health,2017-06,5.0,598.5
8536,South America,Health,2017-07,,
8537,South America,Health,2017-08,,
8538,South America,Health,2017-09,5.0,4437.0
8539,South America,Health,2017-10,,
8540,South America,Health,2017-12,,
8541,South America,Health,2018-01,,
8542,South America,Health,2018-02,,
8543,South America,Health,2018-03,3.0,47.94
8544,South America,Health,2018-04,,
8545,South America,Health,2018-05,,
8546,South America,Health,2018-06,14.0,2984.13
8547,South America,Health,2018-07,,
8548,South America,Health,2018-08,,
8549,South America,Health,2018-09,,
8550,South America,Health,2018-10,16.0,13455.92
8551,South America,Health,2018-11,,
8552,South America,Health,2018-12,,
8553,South America,Health,2019-01,10.0,3744.0
8554,South America,Health,2019-02,,
8555,South America,Health,2019-03,5.0,3514.5
8556,South America,Health,2019-04,1.0,6.859999999999999
8557,South America,Health,2019-05,,
8558,South America,Health,2019-06,,
8559,South America,Health,2019-07,,
8560,South America,Health,2019-08,,
8561,South America,Health,2019-09,,
8562,South America,Health,2019-10,,
8563,South America,Health,2019-12,11.0,8141.13
8564,South America,Health,2020-01,,
8565,South America,Health,2020-02,,
8566,South America,Health,2020-03,16.0,8443.32
8567,South America,Health,2020-04,,
8568,South America,Health,2020-05,,
8569,South America,Health,2020-06,9.0,7578.7699999999995
8570,South America,Health,2020-07,,
8571,South America,Health,2020-08,15.0,9704.88
8572,South America,Health,2020-09,,
8573,South America,Health,2020-10,,
8574,South America,Health,2020-11,7.0,6053.599999999999
8575,South America,Health,2020-12,,
8576,South America,Health,2016-07,10.0,8017.1
8577,South America,Health,2016-08,9.0,1859.49
8578,South America,Health,2017-11,,
8579,South America,Health,2019-11,11.0,5463.65
8580,South America,Home,2016-01,,
8581,South America,Home,2016-02,,
8582,South America,Home,2016-03,,
8583,South America,Home,2016-04,4.0,1684.2599999999998
8584,South America,Home,2016-05,,
8585,South America,Home,2016-06,,
8586,South America,Home,2016-09,,
8587,South America,Home,2016-10,,
8588,South America,Home,2016-11,,
8589,South America,Home,2016-12,,
8590,South America,Home,2017-01,,
8591,South America,Home,2017-02,7.0,3783.3599999999997
8592,South America,Home,2017-03,7.0,3402.82
8593,South America,Home,2017-04,,
8594,South America,Home,2017-05,,
8595,South America,Home,2017-06,1.0,480.7
8596,South America,Home,2017-07,,
8597,South America,Home,2017-08,3.0,973.88
8598,South America,Home,2017-09,,
8599,South America,Home,2017-10,,
8600,South America,Home,2017-12,,
8601,South America,Home,2018-01,,
8602,South America,Home,2018-02,2.0,103.67999999999999
8603,South America,Home,2018-03,,
8604,South America,Home,2018-04,,
8605,South America,Home,2018-05,,
8606,South America,Home,2018-06,,
8607,South America,Home,2018-07,15.0,4199.85
8608,South America,Home,2018-08,,
8609,South America,Home,2018-09,6.0,3337.2000000000003
8610,South America,Home,2018-10,,
8611,South America,Home,2018-11,6.0,2511.7999999999997
8612,South America,Home,2018-12,5.0,4626.75
8613,South America,Home,2019-01,2.0,388.0
8614,South America,Home,2019-02,3.0,58.589999999999996
8615,South America,Home,2019-03,,
8616,South America,Home,2019-04,9.0,2393.2799999999997
8617,South America,Home,2019-05,13.0,7572.6900000000005
8618,South America,Home,2019-06,,
8619,South America,Home,2019-07,,
8620,South America,Home,2019-08,13.0,9750.57
8621,South America,Home,2019-09,,
8622,South America,Home,2019-10,,
8623,South America,Home,2019-12,6.0,1501.56
8624,South America,Home,2020-01,,
8625,South America,Home,2020-02,8.0,2948.7999999999997
8626,South America,Home,2020-03,,
8627,South America,Home,2020-04,10.0,7439.9
8628,South America,Home,2020-05,,
8629,South America,Home,2020-06,,
8630,South America,Home,2020-07,10.0,4587.2
8631,South America,Home,2020-08,,
8632,South America,Home,2020-09,6.0,3755.3399999999997
8633,South America,Home,2020-10,,
8634,South America,Home,2020-11,11.0,5663.52
8635,South America,Home,2020-12,3.0,2815.7999999999997
8636,South America,Home,2016-07,1.0,333.96000000000004
8637,South America,Home,2016-08,13.0,3451.3199999999997
8638,South America,Home,2017-11,7.0,5560.099999999999
8639,South America,Home,2019-11,15.0,9581.34
8640,South America,Industrial,2016-01,,
8641,South America,Industrial,2016-02,3.0,1115.04
8642,South America,Industrial,2016-03,9.0,7611.16
8643,South America,Industrial,2016-04,6.0,1893.9399999999998
8644,South America,Industrial,2016-05,,
8645,South America,Industrial,2016-06,,
8646,South America,Industrial,2016-09,1.0,167.44
8647,South America,Industrial,2016-10,7.0,4999.679999999999
8648,South America,Industrial,2016-11,1.0,414.71999999999997
8649,South America,Industrial,2016-12,,
8650,South America,Industrial,2017-01,1.0,188.6
8651,South America,Industrial,2017-02,5.0,2682.0
8652,South America,Industrial,2017-03,,
8653,South America,Industrial,2017-04,,
8654,South America,Industrial,2017-05,5.0,1236.92
8655,South America,Industrial,2017-06,,
8656,South America,Industrial,2017-07,4.0,2842.56
8657,South America,Industrial,2017-08,,
8658,South America,Industrial,2017-09,,
8659,South America,Industrial,2017-10,,
8660,South America,Industrial,2017-12,1.0,340.34000000000003
8661,South America,Industrial,2018-01,10.0,1032.3
8662,South America,Industrial,2018-02,3.0,810.81
8663,South America,Industrial,2018-03,,
8664,South America,Industrial,2018-04,,
8665,South America,Industrial,2018-05,,
8666,South America,Industrial,2018-06,,
8667,South America,Industrial,2018-07,9.0,1728.54
8668,South America,Industrial,2018-08,,
8669,South America,Industrial,2018-09,7.0,2030.4900000000002
8670,South America,Industrial,2018-10,,
8671,South America,Industrial,2018-11,,
8672,South America,Industrial,2018-12,7.0,5203.52
8673,South America,Industrial,2019-01,1.0,209.61999999999998
8674,South America,Industrial,2019-02,4.0,1747.2
8675,South America,Industrial,2019-03,9.0,7565.400000000001
8676,South America,Industrial,2019-04,,
8677,South America,Industrial,2019-05,,
8678,South America,Industrial,2019-06,,
8679,South America,Industrial,2019-07,13.0,726.13
8680,South America,Industrial,2019-08,,
8681,South America,Industrial,2019-09,9.0,2456.42
8682,South America,Industrial,2019-10,,
8683,South America,Industrial,2019-12,8.0,977.5999999999999
8684,South America,Industrial,2020-01,,
8685,South America,Industrial,2020-02,,
8686,South America,Industrial,2020-03,,
8687,South America,Industrial,2020-04,4.0,272.32
8688,South America,Industrial,2020-05,1.0,401.76
8689,South America,Industrial,2020-06,,
8690,South America,Industrial,2020-07,,
8691,South America,Industrial,2020-08,,
8692,South America,Industrial,2020-09,,
8693,South America,Industrial,2020-10,,
8694,South America,Industrial,2020-11,3.0,1627.0800000000002
8695,South America,Industrial,2020-12,8.0,6882.48
8696,South America,Industrial,2016-07,,
8697,South America,Industrial,2016-08,,
8698,South America,Industrial,2017-11,6.0,4167.6
8699,South America,Industrial,2019-11,5.0,2673.72
8700,South America,Jewelery,2016-01,5.0,203.7
8701,South America,Jewelery,2016-02,4.0,1954.68
8702,South America,Jewelery,2016-03,,
8703,South America,Jewelery,2016-04,10.0,1069.2
8704,South America,Jewelery,2016-05,4.0,1869.84
8705,South America,Jewelery,2016-06,6.0,2904.76
8706,South America,Jewelery,2016-09,,
8707,South America,Jewelery,2016-10,1.0,412.23
8708,South America,Jewelery,2016-11,8.0,3932.16
8709,South America,Jewelery,2016-12,,
8710,South America,Jewelery,2017-01,,
8711,South America,Jewelery,2017-02,,
8712,South America,Jewelery,2017-03,,
8713,South America,Jewelery,2017-04,2.0,1838.16
8714,South America,Jewelery,2017-05,,
8715,South America,Jewelery,2017-06,,
8716,South America,Jewelery,2017-07,,
8717,South America,Jewelery,2017-08,10.0,4940.0
8718,South America,Jewelery,2017-09,31.0,13710.24
8719,South America,Jewelery,2017-10,,
8720,South America,Jewelery,2017-12,,
8721,South America,Jewelery,2018-01,,
8722,South America,Jewelery,2018-02,,
8723,South America,Jewelery,2018-03,,
8724,South America,Jewelery,2018-04,6.0,5454.9
8725,South America,Jewelery,2018-05,2.0,908.8199999999999
8726,South America,Jewelery,2018-06,1.0,231.82999999999998
8727,South America,Jewelery,2018-07,,
8728,South America,Jewelery,2018-08,8.0,3254.1600000000003
8729,South America,Jewelery,2018-09,10.0,5344.7
8730,South America,Jewelery,2018-10,,
8731,South America,Jewelery,2018-11,8.0,3376.48
8732,South America,Jewelery,2018-12,,
8733,South America,Jewelery,2019-01,,
8734,South America,Jewelery,2019-02,7.0,2400.3
8735,South America,Jewelery,2019-03,,
8736,South America,Jewelery,2019-04,,
8737,South America,Jewelery,2019-05,,
8738,South America,Jewelery,2019-06,,
8739,South America,Jewelery,2019-07,6.0,1764.18
8740,South America,Jewelery,2019-08,,
8741,South America,Jewelery,2019-09,2.0,522.24
8742,South America,Jewelery,2019-10,6.0,4013.8199999999997
8743,South America,Jewelery,2019-12,,
8744,South America,Jewelery,2020-01,10.0,8074.599999999999
8745,South America,Jewelery,2020-02,7.0,3943.45
8746,South America,Jewelery,2020-03,15.0,7234.400000000001
8747,South America,Jewelery,2020-04,,
8748,South America,Jewelery,2020-05,5.0,3426.15
8749,South America,Jewelery,2020-06,9.0,3158.1
8750,South America,Jewelery,2020-07,,
8751,South America,Jewelery,2020-08,,
8752,South America,Jewelery,2020-09,3.0,907.2
8753,South America,Jewelery,2020-10,,
8754,South America,Jewelery,2020-11,8.0,3967.92
8755,South America,Jewelery,2020-12,4.0,1734.72
8756,South America,Jewelery,2016-07,8.0,4420.8
8757,South America,Jewelery,2016-08,9.0,253.89000000000001
8758,South America,Jewelery,2017-11,,
8759,South America,Jewelery,2019-11,2.0,1420.2
8760,South America,Kids,2016-01,7.0,1755.6
8761,South America,Kids,2016-02,,
8762,South America,Kids,2016-03,5.0,2164.5
8763,South America,Kids,2016-04,,
8764,South America,Kids,2016-05,1.0,24.75
8765,South America,Kids,2016-06,11.0,5496.12
8766,South America,Kids,2016-09,,
8767,South America,Kids,2016-10,,
8768,South America,Kids,2016-11,1.0,305.91
8769,South America,Kids,2016-12,,
8770,South America,Kids,2017-01,5.0,1363.2
8771,South America,Kids,2017-02,,
8772,South America,Kids,2017-03,,
8773,South America,Kids,2017-04,2.0,786.24
8774,South America,Kids,2017-05,,
8775,South America,Kids,2017-06,,
8776,South America,Kids,2017-07,13.0,8558.759999999998
8777,South America,Kids,2017-08,,
8778,South America,Kids,2017-09,,
8779,South America,Kids,2017-10,,
8780,South America,Kids,2017-12,,
8781,South America,Kids,2018-01,,
8782,South America,Kids,2018-02,,
8783,South America,Kids,2018-03,,
8784,South America,Kids,2018-04,7.0,3688.23
8785,South America,Kids,2018-05,8.0,1849.9199999999998
8786,South America,Kids,2018-06,,
8787,South America,Kids,2018-07,,
8788,South America,Kids,2018-08,2.0,479.15999999999997
8789,South America,Kids,2018-09,,
8790,South America,Kids,2018-10,,
8791,South America,Kids,2018-11,,
8792,South America,Kids,2018-12,,
8793,South America,Kids,2019-01,,
8794,South America,Kids,2019-02,,
8795,South America,Kids,2019-03,,
8796,South America,Kids,2019-04,12.0,5164.740000000001
8797,South America,Kids,2019-05,3.0,2170.62
8798,South America,Kids,2019-06,,
8799,South America,Kids,2019-07,9.0,5659.71
8800,South America,Kids,2019-08,6.0,3959.2799999999997
8801,South America,Kids,2019-09,4.0,782.6
8802,South America,Kids,2019-10,,
8803,South America,Kids,2019-12,,
8804,South America,Kids,2020-01,4.0,2086.92
8805,South America,Kids,2020-02,3.0,554.76
8806,South America,Kids,2020-03,17.0,12113.97
8807,South America,Kids,2020-04,,
8808,South America,Kids,2020-05,,
8809,South America,Kids,2020-06,,
8810,South America,Kids,2020-07,7.0,2831.16
8811,South America,Kids,2020-08,6.0,145.5
8812,South America,Kids,2020-09,3.0,1202.46
8813,South America,Kids,2020-10,,
8814,South America,Kids,2020-11,4.0,3038.08
8815,South America,Kids,2020-12,2.0,1819.76
8816,South America,Kids,2016-07,7.0,2824.3199999999997
8817,South America,Kids,2016-08,6.0,1441.8
8818,South America,Kids,2017-11,,
8819,South America,Kids,2019-11,,
8820,South America,Movies,2016-01,,
8821,South America,Movies,2016-02,10.0,7742.0
8822,South America,Movies,2016-03,,
8823,South America,Movies,2016-04,11.0,5583.6900000000005
8824,South America,Movies,2016-05,1.0,940.8
8825,South America,Movies,2016-06,17.0,5082.28
8826,South America,Movies,2016-09,8.0,1258.56
8827,South America,Movies,2016-10,,
8828,South America,Movies,2016-11,2.0,1119.3
8829,South America,Movies,2016-12,10.0,6621.5
8830,South America,Movies,2017-01,3.0,1402.62
8831,South America,Movies,2017-02,1.0,583.28
8832,South America,Movies,2017-03,6.0,3392.7599999999998
8833,South America,Movies,2017-04,10.0,7773.799999999999
8834,South America,Movies,2017-05,,
8835,South America,Movies,2017-06,,
8836,South America,Movies,2017-07,,
8837,South America,Movies,2017-08,,
8838,South America,Movies,2017-09,,
8839,South America,Movies,2017-10,8.0,6119.16
8840,South America,Movies,2017-12,10.0,9900.0
8841,South America,Movies,2018-01,33.0,16911.6
8842,South America,Movies,2018-02,22.0,15365.34
8843,South America,Movies,2018-03,5.0,4120.9
8844,South America,Movies,2018-04,,
8845,South America,Movies,2018-05,,
8846,South America,Movies,2018-06,11.0,7355.58
8847,South America,Movies,2018-07,,
8848,South America,Movies,2018-08,6.0,4173.84
8849,South America,Movies,2018-09,10.0,2553.6
8850,South America,Movies,2018-10,,
8851,South America,Movies,2018-11,2.0,742.84
8852,South America,Movies,2018-12,,
8853,South America,Movies,2019-01,3.0,2171.52
8854,South America,Movies,2019-02,,
8855,South America,Movies,2019-03,6.0,5336.94
8856,South America,Movies,2019-04,,
8857,South America,Movies,2019-05,4.0,1481.48
8858,South America,Movies,2019-06,,
8859,South America,Movies,2019-07,8.0,1440.3000000000002
8860,South America,Movies,2019-08,16.0,6215.58
8861,South America,Movies,2019-09,12.0,6850.69
8862,South America,Movies,2019-10,,
8863,South America,Movies,2019-12,,
8864,South America,Movies,2020-01,10.0,7798.5
8865,South America,Movies,2020-02,,
8866,South America,Movies,2020-03,14.0,5143.679999999999
8867,South America,Movies,2020-04,,
8868,South America,Movies,2020-05,3.0,1761.3
8869,South America,Movies,2020-06,,
8870,South America,Movies,2020-07,,
8871,South America,Movies,2020-08,6.0,816.66
8872,South America,Movies,2020-09,3.0,2478.84
8873,South America,Movies,2020-10,,
8874,South America,Movies,2020-11,2.0,1421.64
8875,South America,Movies,2020-12,,
8876,South America,Movies,2016-07,8.0,4238.7
8877,South America,Movies,2016-08,,
8878,South America,Movies,2017-11,2.0,413.59999999999997
8879,South America,Movies,2019-11,,
8880,South America,Music,2016-01,7.0,2726.5
8881,South America,Music,2016-02,,
8882,South America,Music,2016-03,8.0,929.8
8883,South America,Music,2016-04,8.0,4873.24
8884,South America,Music,2016-05,18.0,6405.48
8885,South America,Music,2016-06,7.0,1134.0
8886,South America,Music,2016-09,,
8887,South America,Music,2016-10,10.0,5003.4
8888,South America,Music,2016-11,8.0,7297.38
8889,South America,Music,2016-12,2.0,138.7
8890,South America,Music,2017-01,,
8891,South America,Music,2017-02,1.0,2.82
8892,South America,Music,2017-03,1.0,687.14
8893,South America,Music,2017-04,7.0,244.44
8894,South America,Music,2017-05,2.0,236.68
8895,South America,Music,2017-06,,
8896,South America,Music,2017-07,5.0,1980.0
8897,South America,Music,2017-08,10.0,5282.4
8898,South America,Music,2017-09,6.0,3864.96
8899,South America,Music,2017-10,,
8900,South America,Music,2017-12,,
8901,South America,Music,2018-01,16.0,7707.509999999999
8902,South America,Music,2018-02,1.0,40.589999999999996
8903,South America,Music,2018-03,3.0,1949.4
8904,South America,Music,2018-04,,
8905,South America,Music,2018-05,13.0,7818.150000000001
8906,South America,Music,2018-06,,
8907,South America,Music,2018-07,8.0,3240.0
8908,South America,Music,2018-08,,
8909,South America,Music,2018-09,,
8910,South America,Music,2018-10,8.0,978.6700000000001
8911,South America,Music,2018-11,,
8912,South America,Music,2018-12,,
8913,South America,Music,2019-01,,
8914,South America,Music,2019-02,,
8915,South America,Music,2019-03,,
8916,South America,Music,2019-04,27.0,2675.7599999999998
8917,South America,Music,2019-05,2.0,563.0400000000001
8918,South America,Music,2019-06,7.0,1736.58
8919,South America,Music,2019-07,10.0,3889.7
8920,South America,Music,2019-08,7.0,4164.0199999999995
8921,South America,Music,2019-09,,
8922,South America,Music,2019-10,,
8923,South America,Music,2019-12,7.0,6096.09
8924,South America,Music,2020-01,1.0,252.45
8925,South America,Music,2020-02,,
8926,South America,Music,2020-03,16.0,12573.72
8927,South America,Music,2020-04,,
8928,South America,Music,2020-05,,
8929,South America,Music,2020-06,2.0,1481.48
8930,South America,Music,2020-07,1.0,527.16
8931,South America,Music,2020-08,,
8932,South America,Music,2020-09,1.0,194.88
8933,South America,Music,2020-10,,
8934,South America,Music,2020-11,7.0,2166.0099999999998
8935,South America,Music,2020-12,12.0,3667.6499999999996
8936,South America,Music,2016-07,2.0,394.32
8937,South America,Music,2016-08,13.0,9252.900000000001
8938,South America,Music,2017-11,,
8939,South America,Music,2019-11,,
8940,South America,Outdoors,2016-01,,
8941,South America,Outdoors,2016-02,,
8942,South America,Outdoors,2016-03,,
8943,South America,Outdoors,2016-04,3.0,2567.85
8944,South America,Outdoors,2016-05,10.0,7769.7
8945,South America,Outdoors,2016-06,4.0,208.8
8946,South America,Outdoors,2016-09,8.0,3693.7599999999998
8947,South America,Outdoors,2016-10,,
8948,South America,Outdoors,2016-11,15.0,4826.52
8949,South America,Outdoors,2016-12,10.0,4920.3
8950,South America,Outdoors,2017-01,10.0,3036.2
8951,South America,Outdoors,2017-02,,
8952,South America,Outdoors,2017-03,,
8953,South America,Outdoors,2017-04,,
8954,South America,Outdoors,2017-05,,
8955,South America,Outdoors,2017-06,5.0,2260.7999999999997
8956,South America,Outdoors,2017-07,3.0,1787.94
8957,South America,Outdoors,2017-08,9.0,876.33
8958,South America,Outdoors,2017-09,,
8959,South America,Outdoors,2017-10,6.0,3101.98
8960,South America,Outdoors,2017-12,,
8961,South America,Outdoors,2018-01,,
8962,South America,Outdoors,2018-02,6.0,2263.14
8963,South America,Outdoors,2018-03,,
8964,South America,Outdoors,2018-04,9.0,5429.25
8965,South America,Outdoors,2018-05,13.0,7646.6
8966,South America,Outdoors,2018-06,9.0,1003.8000000000001
8967,South America,Outdoors,2018-07,,
8968,South America,Outdoors,2018-08,10.0,5931.4
8969,South America,Outdoors,2018-09,,
8970,South America,Outdoors,2018-10,,
8971,South America,Outdoors,2018-11,,
8972,South America,Outdoors,2018-12,,
8973,South America,Outdoors,2019-01,7.0,2216.5
8974,South America,Outdoors,2019-02,9.0,2854.1699999999996
8975,South America,Outdoors,2019-03,2.0,326.8
8976,South America,Outdoors,2019-04,5.0,3191.2999999999997
8977,South America,Outdoors,2019-05,,
8978,South America,Outdoors,2019-06,8.0,4211.04
8979,South America,Outdoors,2019-07,8.0,5245.0
8980,South America,Outdoors,2019-08,,
8981,South America,Outdoors,2019-09,,
8982,South America,Outdoors,2019-10,6.0,4600.8
8983,South America,Outdoors,2019-12,8.0,2790.0
8984,South America,Outdoors,2020-01,7.0,6151.95
8985,South America,Outdoors,2020-02,,
8986,South America,Outdoors,2020-03,,
8987,South America,Outdoors,2020-04,7.0,5591.04
8988,South America,Outdoors,2020-05,7.0,2328.48
8989,South America,Outdoors,2020-06,3.0,1993.02
8990,South America,Outdoors,2020-07,3.0,1501.44
8991,South America,Outdoors,2020-08,6.0,1184.82
8992,South America,Outdoors,2020-09,,
8993,South America,Outdoors,2020-10,,
8994,South America,Outdoors,2020-11,,
8995,South America,Outdoors,2020-12,3.0,1015.1999999999999
8996,South America,Outdoors,2016-07,6.0,3116.16
8997,South America,Outdoors,2016-08,,
8998,South America,Outdoors,2017-11,,
8999,South America,Outdoors,2019-11,,
9000,South America,Shoes,2016-01,7.0,3156.3
9001,South America,Shoes,2016-02,,
9002,South America,Shoes,2016-03,,
9003,South America,Shoes,2016-04,14.0,7475.9400000000005
9004,South America,Shoes,2016-05,4.0,2366.2400000000002
9005,South America,Shoes,2016-06,5.0,3785.1
9006,South America,Shoes,2016-09,,
9007,South America,Shoes,2016-10,3.0,96.03
9008,South America,Shoes,2016-11,,
9009,South America,Shoes,2016-12,,
9010,South America,Shoes,2017-01,11.0,1499.4
9011,South America,Shoes,2017-02,,
9012,South America,Shoes,2017-03,17.0,14747.8
9013,South America,Shoes,2017-04,8.0,2636.8
9014,South America,Shoes,2017-05,,
9015,South America,Shoes,2017-06,1.0,936.54
9016,South America,Shoes,2017-07,3.0,207.48000000000002
9017,South America,Shoes,2017-08,,
9018,South America,Shoes,2017-09,,
9019,South America,Shoes,2017-10,,
9020,South America,Shoes,2017-12,,
9021,South America,Shoes,2018-01,,
9022,South America,Shoes,2018-02,,
9023,South America,Shoes,2018-03,3.0,2081.52
9024,South America,Shoes,2018-04,10.0,4830.0
9025,South America,Shoes,2018-05,,
9026,South America,Shoes,2018-06,3.0,2078.94
9027,South America,Shoes,2018-07,1.0,750.78
9028,South America,Shoes,2018-08,8.0,1251.36
9029,South America,Shoes,2018-09,,
9030,South America,Shoes,2018-10,,
9031,South America,Shoes,2018-11,,
9032,South America,Shoes,2018-12,,
9033,South America,Shoes,2019-01,6.0,3927.2999999999997
9034,South America,Shoes,2019-02,7.0,4394.25
9035,South America,Shoes,2019-03,12.0,4931.92
9036,South America,Shoes,2019-04,5.0,2064.0
9037,South America,Shoes,2019-05,5.0,2417.36
9038,South America,Shoes,2019-06,6.0,4114.74
9039,South America,Shoes,2019-07,3.0,2319.9
9040,South America,Shoes,2019-08,,
9041,South America,Shoes,2019-09,,
9042,South America,Shoes,2019-10,,
9043,South America,Shoes,2019-12,,
9044,South America,Shoes,2020-01,,
9045,South America,Shoes,2020-02,,
9046,South America,Shoes,2020-03,,
9047,South America,Shoes,2020-04,,
9048,South America,Shoes,2020-05,6.0,4519.87
9049,South America,Shoes,2020-06,8.0,3586.34
9050,South America,Shoes,2020-07,,
9051,South America,Shoes,2020-08,,
9052,South America,Shoes,2020-09,,
9053,South America,Shoes,2020-10,,
9054,South America,Shoes,2020-11,,
9055,South America,Shoes,2020-12,2.0,1071.36
9056,South America,Shoes,2016-07,,
9057,South America,Shoes,2016-08,5.0,2707.65
9058,South America,Shoes,2017-11,,
9059,South America,Shoes,2019-11,,
9060,South America,Sports,2016-01,,
9061,South America,Sports,2016-02,6.0,3784.7999999999997
9062,South America,Sports,2016-03,,
9063,South America,Sports,2016-04,,
9064,South America,Sports,2016-05,6.0,2439.84
9065,South America,Sports,2016-06,4.0,3276.0
9066,South America,Sports,2016-09,,
9067,South America,Sports,2016-10,,
9068,South America,Sports,2016-11,,
9069,South America,Sports,2016-12,,
9070,South America,Sports,2017-01,9.0,5167.89
9071,South America,Sports,2017-02,3.0,803.6999999999999
9072,South America,Sports,2017-03,,
9073,South America,Sports,2017-04,,
9074,South America,Sports,2017-05,6.0,5774.16
9075,South America,Sports,2017-06,,
9076,South America,Sports,2017-07,9.0,1724.2199999999998
9077,South America,Sports,2017-08,,
9078,South America,Sports,2017-09,12.0,4862.4
9079,South America,Sports,2017-10,5.0,202.95
9080,South America,Sports,2017-12,7.0,5641.4400000000005
9081,South America,Sports,2018-01,,
9082,South America,Sports,2018-02,,
9083,South America,Sports,2018-03,7.0,4295.4800000000005
9084,South America,Sports,2018-04,,
9085,South America,Sports,2018-05,10.0,8335.2
9086,South America,Sports,2018-06,11.0,6017.549999999999
9087,South America,Sports,2018-07,14.0,11805.64
9088,South America,Sports,2018-08,,
9089,South America,Sports,2018-09,6.0,2659.74
9090,South America,Sports,2018-10,,
9091,South America,Sports,2018-11,,
9092,South America,Sports,2018-12,,
9093,South America,Sports,2019-01,,
9094,South America,Sports,2019-02,10.0,7387.6
9095,South America,Sports,2019-03,,
9096,South America,Sports,2019-04,1.0,556.6
9097,South America,Sports,2019-05,,
9098,South America,Sports,2019-06,,
9099,South America,Sports,2019-07,,
9100,South America,Sports,2019-08,,
9101,South America,Sports,2019-09,,
9102,South America,Sports,2019-10,,
9103,South America,Sports,2019-12,,
9104,South America,Sports,2020-01,,
9105,South America,Sports,2020-02,,
9106,South America,Sports,2020-03,4.0,2803.68
9107,South America,Sports,2020-04,9.0,1497.4199999999998
9108,South America,Sports,2020-05,13.0,10062.72
9109,South America,Sports,2020-06,3.0,2110.29
9110,South America,Sports,2020-07,,
9111,South America,Sports,2020-08,16.0,7288.32
9112,South America,Sports,2020-09,13.0,9042.33
9113,South America,Sports,2020-10,,
9114,South America,Sports,2020-11,10.0,5158.5
9115,South America,Sports,2020-12,5.0,2041.85
9116,South America,Sports,2016-07,,
9117,South America,Sports,2016-08,,
9118,South America,Sports,2017-11,,
9119,South America,Sports,2019-11,,
9120,South America,Tools,2016-01,10.0,5713.4
9121,South America,Tools,2016-02,6.0,1938.3
9122,South America,Tools,2016-03,,
9123,South America,Tools,2016-04,,
9124,South America,Tools,2016-05,9.0,2957.2599999999998
9125,South America,Tools,2016-06,,
9126,South America,Tools,2016-09,,
9127,South America,Tools,2016-10,,
9128,South America,Tools,2016-11,,
9129,South America,Tools,2016-12,5.0,3312.5499999999997
9130,South America,Tools,2017-01,19.0,12753.94
9131,South America,Tools,2017-02,,
9132,South America,Tools,2017-03,,
9133,South America,Tools,2017-04,,
9134,South America,Tools,2017-05,3.0,390.45
9135,South America,Tools,2017-06,8.0,7056.0
9136,South America,Tools,2017-07,1.0,255.76000000000002
9137,South America,Tools,2017-08,5.0,3419.3999999999996
9138,South America,Tools,2017-09,5.0,91.0
9139,South America,Tools,2017-10,,
9140,South America,Tools,2017-12,5.0,4184.6
9141,South America,Tools,2018-01,5.0,4237.2
9142,South America,Tools,2018-02,,
9143,South America,Tools,2018-03,,
9144,South America,Tools,2018-04,,
9145,South America,Tools,2018-05,3.0,800.7299999999999
9146,South America,Tools,2018-06,9.0,7197.12
9147,South America,Tools,2018-07,,
9148,South America,Tools,2018-08,1.0,135.63
9149,South America,Tools,2018-09,10.0,8621.099999999999
9150,South America,Tools,2018-10,4.0,424.8
9151,South America,Tools,2018-11,,
9152,South America,Tools,2018-12,6.0,802.62
9153,South America,Tools,2019-01,9.0,431.46
9154,South America,Tools,2019-02,7.0,1713.04
9155,South America,Tools,2019-03,,
9156,South America,Tools,2019-04,,
9157,South America,Tools,2019-05,,
9158,South America,Tools,2019-06,18.0,10338.12
9159,South America,Tools,2019-07,,
9160,South America,Tools,2019-08,,
9161,South America,Tools,2019-09,,
9162,South America,Tools,2019-10,5.0,584.2
9163,South America,Tools,2019-12,,
9164,South America,Tools,2020-01,13.0,4213.7
9165,South America,Tools,2020-02,,
9166,South America,Tools,2020-03,,
9167,South America,Tools,2020-04,5.0,367.34999999999997
9168,South America,Tools,2020-05,9.0,5744.91
9169,South America,Tools,2020-06,9.0,4189.68
9170,South America,Tools,2020-07,,
9171,South America,Tools,2020-08,,
9172,South America,Tools,2020-09,,
9173,South America,Tools,2020-10,,
9174,South America,Tools,2020-11,10.0,6134.8
9175,South America,Tools,2020-12,12.0,7748.88
9176,South America,Tools,2016-07,,
9177,South America,Tools,2016-08,,
9178,South America,Tools,2017-11,,
9179,South America,Tools,2019-11,9.0,3879.3599999999997
9180,South America,Toys,2016-01,3.0,2539.35
9181,South America,Toys,2016-02,19.0,7635.2
9182,South America,Toys,2016-03,,
9183,South America,Toys,2016-04,,
9184,South America,Toys,2016-05,,
9185,South America,Toys,2016-06,12.0,6010.41
9186,South America,Toys,2016-09,10.0,8126.68
9187,South America,Toys,2016-10,6.0,3297.84
9188,South America,Toys,2016-11,,
9189,South America,Toys,2016-12,1.0,55.510000000000005
9190,South America,Toys,2017-01,2.0,1594.8
9191,South America,Toys,2017-02,,
9192,South America,Toys,2017-03,10.0,5487.549999999999
9193,South America,Toys,2017-04,1.0,511.49999999999994
9194,South America,Toys,2017-05,6.0,1308.24
9195,South America,Toys,2017-06,22.0,3776.9
9196,South America,Toys,2017-07,,
9197,South America,Toys,2017-08,,
9198,South America,Toys,2017-09,,
9199,South America,Toys,2017-10,,
9200,South America,Toys,2017-12,8.0,6712.16
9201,South America,Toys,2018-01,,
9202,South America,Toys,2018-02,,
9203,South America,Toys,2018-03,7.0,2612.0099999999998
9204,South America,Toys,2018-04,4.0,736.9599999999999
9205,South America,Toys,2018-05,,
9206,South America,Toys,2018-06,,
9207,South America,Toys,2018-07,,
9208,South America,Toys,2018-08,10.0,8325.9
9209,South America,Toys,2018-09,,
9210,South America,Toys,2018-10,3.0,2637.1800000000003
9211,South America,Toys,2018-11,24.0,14408.49
9212,South America,Toys,2018-12,8.0,4761.599999999999
9213,South America,Toys,2019-01,6.0,3565.44
9214,South America,Toys,2019-02,24.0,14165.73
9215,South America,Toys,2019-03,5.0,1651.3
9216,South America,Toys,2019-04,5.0,1205.75
9217,South America,Toys,2019-05,,
9218,South America,Toys,2019-06,7.0,6278.58
9219,South America,Toys,2019-07,,
9220,South America,Toys,2019-08,4.0,1260.0
9221,South America,Toys,2019-09,,
9222,South America,Toys,2019-10,7.0,5127.85
9223,South America,Toys,2019-12,4.0,2227.2
9224,South America,Toys,2020-01,,
9225,South America,Toys,2020-02,4.0,2590.64
9226,South America,Toys,2020-03,,
9227,South America,Toys,2020-04,,
9228,South America,Toys,2020-05,,
9229,South America,Toys,2020-06,,
9230,South America,Toys,2020-07,19.0,12641.16
9231,South America,Toys,2020-08,4.0,190.12
9232,South America,Toys,2020-09,,
9233,South America,Toys,2020-10,,
9234,South America,Toys,2020-11,,
9235,South America,Toys,2020-12,,
9236,South America,Toys,2016-07,,
9237,South America,Toys,2016-08,,
9238,South America,Toys,2017-11,,
9239,South America,Toys,2019-11,7.0,233.1
